%YAML 1.1
%TAG !u! tag:unity3d.com,2011:
--- !u!114 &11400000
MonoBehaviour:
  m_ObjectHideFlags: 0
  m_CorrespondingSourceObject: {fileID: 0}
  m_PrefabInternal: {fileID: 0}
  m_GameObject: {fileID: 0}
  m_Enabled: 1
  m_EditorHideFlags: 0
  m_Script: {fileID: 11500000, guid: 8456d4c8a171b7a49988af57141ed6d0, type: 3}
  m_Name: DTest
  m_EditorClassIdentifier: 
  nodes:
  - {fileID: 114420945770652590}
  - {fileID: 114646492637571930}
  - {fileID: 114613380821560986}
  - {fileID: 114710221473609170}
  - {fileID: 114419774148357518}
  - {fileID: 114508503088900406}
  - {fileID: 114183652344407940}
  - {fileID: 114487067021026596}
  - {fileID: 114618535948725740}
  - {fileID: 114306895516327738}
  - {fileID: 114420775642928592}
  - {fileID: 114820007981599000}
  connections:
  - _inPointGUID: 8831b6a9-049f-47f3-8652-ef4c13b1c6d5
    _outPointGUID: 9301b76e-755f-4c73-9eda-a033a1024dcd
  - _inPointGUID: 2d571c84-528a-4862-87b1-6a07f703d3dd
    _outPointGUID: 8831b6a9-049f-47f3-8652-ef4c13b1c6d5
  - _inPointGUID: 6bc01639-f26f-45e8-9296-8094d9ad5cb6
    _outPointGUID: 2d571c84-528a-4862-87b1-6a07f703d3dd
  - _inPointGUID: 3c629395-5743-48c5-8682-c303be2c4a79
    _outPointGUID: 6bc01639-f26f-45e8-9296-8094d9ad5cb6
  - _inPointGUID: dd20750e-ba05-415f-8168-31155f3fbf95
    _outPointGUID: 2d571c84-528a-4862-87b1-6a07f703d3dd
  - _inPointGUID: 4b28612f-d752-4795-8ffb-890893ba7517
    _outPointGUID: ae40baa4-f07f-4134-a33f-94f1f74548a3
  - _inPointGUID: 71d2df54-ebd3-4f06-a798-aea4c2b90ab2
    _outPointGUID: 4b28612f-d752-4795-8ffb-890893ba7517
  - _inPointGUID: d8ac73f2-ce32-45e5-bd00-2e7ee2fc4494
    _outPointGUID: 4b28612f-d752-4795-8ffb-890893ba7517
  - _inPointGUID: 6eede881-2353-418e-9e01-ecb3cabc58b0
    _outPointGUID: dd20750e-ba05-415f-8168-31155f3fbf95
  - _inPointGUID: 6eede881-2353-418e-9e01-ecb3cabc58b0
    _outPointGUID: 3c629395-5743-48c5-8682-c303be2c4a79
  - _inPointGUID: ae40baa4-f07f-4134-a33f-94f1f74548a3
    _outPointGUID: 6eede881-2353-418e-9e01-ecb3cabc58b0
  - _inPointGUID: 7931d268-40c9-4676-b4cc-dac423ec826f
    _outPointGUID: 71d2df54-ebd3-4f06-a798-aea4c2b90ab2
  - _inPointGUID: 7931d268-40c9-4676-b4cc-dac423ec826f
    _outPointGUID: d8ac73f2-ce32-45e5-bd00-2e7ee2fc4494
--- !u!114 &114183652344407940
MonoBehaviour:
  m_ObjectHideFlags: 0
  m_CorrespondingSourceObject: {fileID: 0}
  m_PrefabInternal: {fileID: 0}
  m_GameObject: {fileID: 0}
  m_Enabled: 1
  m_EditorHideFlags: 0
  m_Script: {fileID: 11500000, guid: a87b12b1396c6e64789efbdeef6c193b, type: 3}
  m_Name: 
  m_EditorClassIdentifier: 
  rect:
    serializedVersion: 2
    x: 1521
    y: 352
    width: 300
    height: 150
  inPoint:
    rect:
      serializedVersion: 2
      x: 1519
      y: 417
      width: 10
      height: 20
    type: 0
    style:
      m_Name: 
      m_Normal:
        m_Background: {fileID: -137945306764144326, guid: 0000000000000000d000000000000000,
          type: 0}
        m_ScaledBackgrounds: []
        m_TextColor: {r: 0, g: 0, b: 0, a: 1}
      m_Hover:
        m_Background: {fileID: 0}
        m_ScaledBackgrounds: []
        m_TextColor: {r: 0, g: 0, b: 0, a: 1}
      m_Active:
        m_Background: {fileID: 7748859771797447999, guid: 0000000000000000d000000000000000,
          type: 0}
        m_ScaledBackgrounds: []
        m_TextColor: {r: 0, g: 0, b: 0, a: 1}
      m_Focused:
        m_Background: {fileID: 0}
        m_ScaledBackgrounds: []
        m_TextColor: {r: 0, g: 0, b: 0, a: 1}
      m_OnNormal:
        m_Background: {fileID: 0}
        m_ScaledBackgrounds: []
        m_TextColor: {r: 0, g: 0, b: 0, a: 1}
      m_OnHover:
        m_Background: {fileID: 0}
        m_ScaledBackgrounds: []
        m_TextColor: {r: 0, g: 0, b: 0, a: 1}
      m_OnActive:
        m_Background: {fileID: 0}
        m_ScaledBackgrounds: []
        m_TextColor: {r: 0, g: 0, b: 0, a: 1}
      m_OnFocused:
        m_Background: {fileID: 0}
        m_ScaledBackgrounds: []
        m_TextColor: {r: 0, g: 0, b: 0, a: 1}
      m_Border:
        m_Left: 4
        m_Right: 4
        m_Top: 12
        m_Bottom: 12
      m_Margin:
        m_Left: 0
        m_Right: 0
        m_Top: 0
        m_Bottom: 0
      m_Padding:
        m_Left: 0
        m_Right: 0
        m_Top: 0
        m_Bottom: 0
      m_Overflow:
        m_Left: 0
        m_Right: 0
        m_Top: 0
        m_Bottom: 0
      m_Font: {fileID: 0}
      m_FontSize: 0
      m_FontStyle: 0
      m_Alignment: 0
      m_WordWrap: 0
      m_RichText: 1
      m_TextClipping: 0
      m_ImagePosition: 0
      m_ContentOffset: {x: 0, y: 0}
      m_FixedWidth: 0
      m_FixedHeight: 0
      m_StretchWidth: 1
      m_StretchHeight: 0
    _nodeID: ae40baa4-f07f-4134-a33f-94f1f74548a3
  outPoint:
    rect:
      serializedVersion: 2
      x: 1813
      y: 417
      width: 10
      height: 20
    type: 1
    style:
      m_Name: 
      m_Normal:
        m_Background: {fileID: 5361632866341858327, guid: 0000000000000000d000000000000000,
          type: 0}
        m_ScaledBackgrounds: []
        m_TextColor: {r: 0, g: 0, b: 0, a: 1}
      m_Hover:
        m_Background: {fileID: 0}
        m_ScaledBackgrounds: []
        m_TextColor: {r: 0, g: 0, b: 0, a: 1}
      m_Active:
        m_Background: {fileID: 4979192565147231929, guid: 0000000000000000d000000000000000,
          type: 0}
        m_ScaledBackgrounds: []
        m_TextColor: {r: 0, g: 0, b: 0, a: 1}
      m_Focused:
        m_Background: {fileID: 0}
        m_ScaledBackgrounds: []
        m_TextColor: {r: 0, g: 0, b: 0, a: 1}
      m_OnNormal:
        m_Background: {fileID: 0}
        m_ScaledBackgrounds: []
        m_TextColor: {r: 0, g: 0, b: 0, a: 1}
      m_OnHover:
        m_Background: {fileID: 0}
        m_ScaledBackgrounds: []
        m_TextColor: {r: 0, g: 0, b: 0, a: 1}
      m_OnActive:
        m_Background: {fileID: 0}
        m_ScaledBackgrounds: []
        m_TextColor: {r: 0, g: 0, b: 0, a: 1}
      m_OnFocused:
        m_Background: {fileID: 0}
        m_ScaledBackgrounds: []
        m_TextColor: {r: 0, g: 0, b: 0, a: 1}
      m_Border:
        m_Left: 4
        m_Right: 4
        m_Top: 12
        m_Bottom: 12
      m_Margin:
        m_Left: 0
        m_Right: 0
        m_Top: 0
        m_Bottom: 0
      m_Padding:
        m_Left: 0
        m_Right: 0
        m_Top: 0
        m_Bottom: 0
      m_Overflow:
        m_Left: 0
        m_Right: 0
        m_Top: 0
        m_Bottom: 0
      m_Font: {fileID: 0}
      m_FontSize: 0
      m_FontStyle: 0
      m_Alignment: 0
      m_WordWrap: 0
      m_RichText: 1
      m_TextClipping: 0
      m_ImagePosition: 0
      m_ContentOffset: {x: 0, y: 0}
      m_FixedWidth: 0
      m_FixedHeight: 0
      m_StretchWidth: 1
      m_StretchHeight: 0
    _nodeID: ae40baa4-f07f-4134-a33f-94f1f74548a3
  currentStyle:
    m_Name: 
    m_Normal:
      m_Background: {fileID: -3453378117783705200, guid: 0000000000000000d000000000000000,
        type: 0}
      m_ScaledBackgrounds: []
      m_TextColor: {r: 0, g: 0, b: 0, a: 1}
    m_Hover:
      m_Background: {fileID: 0}
      m_ScaledBackgrounds: []
      m_TextColor: {r: 0, g: 0, b: 0, a: 1}
    m_Active:
      m_Background: {fileID: 0}
      m_ScaledBackgrounds: []
      m_TextColor: {r: 0, g: 0, b: 0, a: 1}
    m_Focused:
      m_Background: {fileID: 0}
      m_ScaledBackgrounds: []
      m_TextColor: {r: 0, g: 0, b: 0, a: 1}
    m_OnNormal:
      m_Background: {fileID: 0}
      m_ScaledBackgrounds: []
      m_TextColor: {r: 0, g: 0, b: 0, a: 1}
    m_OnHover:
      m_Background: {fileID: 0}
      m_ScaledBackgrounds: []
      m_TextColor: {r: 0, g: 0, b: 0, a: 1}
    m_OnActive:
      m_Background: {fileID: 0}
      m_ScaledBackgrounds: []
      m_TextColor: {r: 0, g: 0, b: 0, a: 1}
    m_OnFocused:
      m_Background: {fileID: 0}
      m_ScaledBackgrounds: []
      m_TextColor: {r: 0, g: 0, b: 0, a: 1}
    m_Border:
      m_Left: 12
      m_Right: 12
      m_Top: 12
      m_Bottom: 12
    m_Margin:
      m_Left: 0
      m_Right: 0
      m_Top: 0
      m_Bottom: 0
    m_Padding:
      m_Left: 0
      m_Right: 0
      m_Top: 0
      m_Bottom: 0
    m_Overflow:
      m_Left: 0
      m_Right: 0
      m_Top: 0
      m_Bottom: 0
    m_Font: {fileID: 0}
    m_FontSize: 0
    m_FontStyle: 0
    m_Alignment: 0
    m_WordWrap: 0
    m_RichText: 1
    m_TextClipping: 0
    m_ImagePosition: 0
    m_ContentOffset: {x: 0, y: 0}
    m_FixedWidth: 0
    m_FixedHeight: 0
    m_StretchWidth: 1
    m_StretchHeight: 0
  GUID: ae40baa4-f07f-4134-a33f-94f1f74548a3
  ID: 00000006
  serializableNextNodes:
  - 4b28612f-d752-4795-8ffb-890893ba7517
  filePath: D:/Unity Projects/sprint-3/Assets/Resources/Text/Test.csv
  character:
    characterName: Speaker
    characterText: Dialogue
--- !u!114 &114306895516327738
MonoBehaviour:
  m_ObjectHideFlags: 0
  m_CorrespondingSourceObject: {fileID: 0}
  m_PrefabInternal: {fileID: 0}
  m_GameObject: {fileID: 0}
  m_Enabled: 1
  m_EditorHideFlags: 0
  m_Script: {fileID: 11500000, guid: a87b12b1396c6e64789efbdeef6c193b, type: 3}
  m_Name: 
  m_EditorClassIdentifier: 
  rect:
    serializedVersion: 2
    x: 2257
    y: 478
    width: 300
    height: 150
  inPoint:
    rect:
      serializedVersion: 2
      x: 2255
      y: 543
      width: 10
      height: 20
    type: 0
    style:
      m_Name: 
      m_Normal:
        m_Background: {fileID: -137945306764144326, guid: 0000000000000000d000000000000000,
          type: 0}
        m_ScaledBackgrounds: []
        m_TextColor: {r: 0, g: 0, b: 0, a: 1}
      m_Hover:
        m_Background: {fileID: 0}
        m_ScaledBackgrounds: []
        m_TextColor: {r: 0, g: 0, b: 0, a: 1}
      m_Active:
        m_Background: {fileID: 7748859771797447999, guid: 0000000000000000d000000000000000,
          type: 0}
        m_ScaledBackgrounds: []
        m_TextColor: {r: 0, g: 0, b: 0, a: 1}
      m_Focused:
        m_Background: {fileID: 0}
        m_ScaledBackgrounds: []
        m_TextColor: {r: 0, g: 0, b: 0, a: 1}
      m_OnNormal:
        m_Background: {fileID: 0}
        m_ScaledBackgrounds: []
        m_TextColor: {r: 0, g: 0, b: 0, a: 1}
      m_OnHover:
        m_Background: {fileID: 0}
        m_ScaledBackgrounds: []
        m_TextColor: {r: 0, g: 0, b: 0, a: 1}
      m_OnActive:
        m_Background: {fileID: 0}
        m_ScaledBackgrounds: []
        m_TextColor: {r: 0, g: 0, b: 0, a: 1}
      m_OnFocused:
        m_Background: {fileID: 0}
        m_ScaledBackgrounds: []
        m_TextColor: {r: 0, g: 0, b: 0, a: 1}
      m_Border:
        m_Left: 4
        m_Right: 4
        m_Top: 12
        m_Bottom: 12
      m_Margin:
        m_Left: 0
        m_Right: 0
        m_Top: 0
        m_Bottom: 0
      m_Padding:
        m_Left: 0
        m_Right: 0
        m_Top: 0
        m_Bottom: 0
      m_Overflow:
        m_Left: 0
        m_Right: 0
        m_Top: 0
        m_Bottom: 0
      m_Font: {fileID: 0}
      m_FontSize: 0
      m_FontStyle: 0
      m_Alignment: 0
      m_WordWrap: 0
      m_RichText: 1
      m_TextClipping: 0
      m_ImagePosition: 0
      m_ContentOffset: {x: 0, y: 0}
      m_FixedWidth: 0
      m_FixedHeight: 0
      m_StretchWidth: 1
      m_StretchHeight: 0
    _nodeID: d8ac73f2-ce32-45e5-bd00-2e7ee2fc4494
  outPoint:
    rect:
      serializedVersion: 2
      x: 2549
      y: 543
      width: 10
      height: 20
    type: 1
    style:
      m_Name: 
      m_Normal:
        m_Background: {fileID: 5361632866341858327, guid: 0000000000000000d000000000000000,
          type: 0}
        m_ScaledBackgrounds: []
        m_TextColor: {r: 0, g: 0, b: 0, a: 1}
      m_Hover:
        m_Background: {fileID: 0}
        m_ScaledBackgrounds: []
        m_TextColor: {r: 0, g: 0, b: 0, a: 1}
      m_Active:
        m_Background: {fileID: 4979192565147231929, guid: 0000000000000000d000000000000000,
          type: 0}
        m_ScaledBackgrounds: []
        m_TextColor: {r: 0, g: 0, b: 0, a: 1}
      m_Focused:
        m_Background: {fileID: 0}
        m_ScaledBackgrounds: []
        m_TextColor: {r: 0, g: 0, b: 0, a: 1}
      m_OnNormal:
        m_Background: {fileID: 0}
        m_ScaledBackgrounds: []
        m_TextColor: {r: 0, g: 0, b: 0, a: 1}
      m_OnHover:
        m_Background: {fileID: 0}
        m_ScaledBackgrounds: []
        m_TextColor: {r: 0, g: 0, b: 0, a: 1}
      m_OnActive:
        m_Background: {fileID: 0}
        m_ScaledBackgrounds: []
        m_TextColor: {r: 0, g: 0, b: 0, a: 1}
      m_OnFocused:
        m_Background: {fileID: 0}
        m_ScaledBackgrounds: []
        m_TextColor: {r: 0, g: 0, b: 0, a: 1}
      m_Border:
        m_Left: 4
        m_Right: 4
        m_Top: 12
        m_Bottom: 12
      m_Margin:
        m_Left: 0
        m_Right: 0
        m_Top: 0
        m_Bottom: 0
      m_Padding:
        m_Left: 0
        m_Right: 0
        m_Top: 0
        m_Bottom: 0
      m_Overflow:
        m_Left: 0
        m_Right: 0
        m_Top: 0
        m_Bottom: 0
      m_Font: {fileID: 0}
      m_FontSize: 0
      m_FontStyle: 0
      m_Alignment: 0
      m_WordWrap: 0
      m_RichText: 1
      m_TextClipping: 0
      m_ImagePosition: 0
      m_ContentOffset: {x: 0, y: 0}
      m_FixedWidth: 0
      m_FixedHeight: 0
      m_StretchWidth: 1
      m_StretchHeight: 0
    _nodeID: d8ac73f2-ce32-45e5-bd00-2e7ee2fc4494
  currentStyle:
    m_Name: 
    m_Normal:
      m_Background: {fileID: -3453378117783705200, guid: 0000000000000000d000000000000000,
        type: 0}
      m_ScaledBackgrounds: []
      m_TextColor: {r: 0, g: 0, b: 0, a: 1}
    m_Hover:
      m_Background: {fileID: 0}
      m_ScaledBackgrounds: []
      m_TextColor: {r: 0, g: 0, b: 0, a: 1}
    m_Active:
      m_Background: {fileID: 0}
      m_ScaledBackgrounds: []
      m_TextColor: {r: 0, g: 0, b: 0, a: 1}
    m_Focused:
      m_Background: {fileID: 0}
      m_ScaledBackgrounds: []
      m_TextColor: {r: 0, g: 0, b: 0, a: 1}
    m_OnNormal:
      m_Background: {fileID: 0}
      m_ScaledBackgrounds: []
      m_TextColor: {r: 0, g: 0, b: 0, a: 1}
    m_OnHover:
      m_Background: {fileID: 0}
      m_ScaledBackgrounds: []
      m_TextColor: {r: 0, g: 0, b: 0, a: 1}
    m_OnActive:
      m_Background: {fileID: 0}
      m_ScaledBackgrounds: []
      m_TextColor: {r: 0, g: 0, b: 0, a: 1}
    m_OnFocused:
      m_Background: {fileID: 0}
      m_ScaledBackgrounds: []
      m_TextColor: {r: 0, g: 0, b: 0, a: 1}
    m_Border:
      m_Left: 12
      m_Right: 12
      m_Top: 12
      m_Bottom: 12
    m_Margin:
      m_Left: 0
      m_Right: 0
      m_Top: 0
      m_Bottom: 0
    m_Padding:
      m_Left: 0
      m_Right: 0
      m_Top: 0
      m_Bottom: 0
    m_Overflow:
      m_Left: 0
      m_Right: 0
      m_Top: 0
      m_Bottom: 0
    m_Font: {fileID: 0}
    m_FontSize: 0
    m_FontStyle: 0
    m_Alignment: 0
    m_WordWrap: 0
    m_RichText: 1
    m_TextClipping: 0
    m_ImagePosition: 0
    m_ContentOffset: {x: 0, y: 0}
    m_FixedWidth: 0
    m_FixedHeight: 0
    m_StretchWidth: 1
    m_StretchHeight: 0
  GUID: d8ac73f2-ce32-45e5-bd00-2e7ee2fc4494
  ID: 00000009
  serializableNextNodes:
  - 7931d268-40c9-4676-b4cc-dac423ec826f
  filePath: D:/Unity Projects/sprint-3/Assets/Resources/Text/Test.csv
  character:
    characterName: Two
    characterText: '"Commas, commas, commas, and <b> more </b> commas."'
--- !u!114 &114419774148357518
MonoBehaviour:
  m_ObjectHideFlags: 0
  m_CorrespondingSourceObject: {fileID: 0}
  m_PrefabInternal: {fileID: 0}
  m_GameObject: {fileID: 0}
  m_Enabled: 1
  m_EditorHideFlags: 0
  m_Script: {fileID: 11500000, guid: a87b12b1396c6e64789efbdeef6c193b, type: 3}
  m_Name: 
  m_EditorClassIdentifier: 
  rect:
    serializedVersion: 2
    x: 990
    y: 450
    width: 300
    height: 150
  inPoint:
    rect:
      serializedVersion: 2
      x: 988
      y: 515
      width: 10
      height: 20
    type: 0
    style:
      m_Name: 
      m_Normal:
        m_Background: {fileID: -137945306764144326, guid: 0000000000000000d000000000000000,
          type: 0}
        m_ScaledBackgrounds: []
        m_TextColor: {r: 0, g: 0, b: 0, a: 1}
      m_Hover:
        m_Background: {fileID: 0}
        m_ScaledBackgrounds: []
        m_TextColor: {r: 0, g: 0, b: 0, a: 1}
      m_Active:
        m_Background: {fileID: 7748859771797447999, guid: 0000000000000000d000000000000000,
          type: 0}
        m_ScaledBackgrounds: []
        m_TextColor: {r: 0, g: 0, b: 0, a: 1}
      m_Focused:
        m_Background: {fileID: 0}
        m_ScaledBackgrounds: []
        m_TextColor: {r: 0, g: 0, b: 0, a: 1}
      m_OnNormal:
        m_Background: {fileID: 0}
        m_ScaledBackgrounds: []
        m_TextColor: {r: 0, g: 0, b: 0, a: 1}
      m_OnHover:
        m_Background: {fileID: 0}
        m_ScaledBackgrounds: []
        m_TextColor: {r: 0, g: 0, b: 0, a: 1}
      m_OnActive:
        m_Background: {fileID: 0}
        m_ScaledBackgrounds: []
        m_TextColor: {r: 0, g: 0, b: 0, a: 1}
      m_OnFocused:
        m_Background: {fileID: 0}
        m_ScaledBackgrounds: []
        m_TextColor: {r: 0, g: 0, b: 0, a: 1}
      m_Border:
        m_Left: 4
        m_Right: 4
        m_Top: 12
        m_Bottom: 12
      m_Margin:
        m_Left: 0
        m_Right: 0
        m_Top: 0
        m_Bottom: 0
      m_Padding:
        m_Left: 0
        m_Right: 0
        m_Top: 0
        m_Bottom: 0
      m_Overflow:
        m_Left: 0
        m_Right: 0
        m_Top: 0
        m_Bottom: 0
      m_Font: {fileID: 0}
      m_FontSize: 0
      m_FontStyle: 0
      m_Alignment: 0
      m_WordWrap: 0
      m_RichText: 1
      m_TextClipping: 0
      m_ImagePosition: 0
      m_ContentOffset: {x: 0, y: 0}
      m_FixedWidth: 0
      m_FixedHeight: 0
      m_StretchWidth: 1
      m_StretchHeight: 0
    _nodeID: dd20750e-ba05-415f-8168-31155f3fbf95
  outPoint:
    rect:
      serializedVersion: 2
      x: 1282
      y: 515
      width: 10
      height: 20
    type: 1
    style:
      m_Name: 
      m_Normal:
        m_Background: {fileID: 5361632866341858327, guid: 0000000000000000d000000000000000,
          type: 0}
        m_ScaledBackgrounds: []
        m_TextColor: {r: 0, g: 0, b: 0, a: 1}
      m_Hover:
        m_Background: {fileID: 0}
        m_ScaledBackgrounds: []
        m_TextColor: {r: 0, g: 0, b: 0, a: 1}
      m_Active:
        m_Background: {fileID: 4979192565147231929, guid: 0000000000000000d000000000000000,
          type: 0}
        m_ScaledBackgrounds: []
        m_TextColor: {r: 0, g: 0, b: 0, a: 1}
      m_Focused:
        m_Background: {fileID: 0}
        m_ScaledBackgrounds: []
        m_TextColor: {r: 0, g: 0, b: 0, a: 1}
      m_OnNormal:
        m_Background: {fileID: 0}
        m_ScaledBackgrounds: []
        m_TextColor: {r: 0, g: 0, b: 0, a: 1}
      m_OnHover:
        m_Background: {fileID: 0}
        m_ScaledBackgrounds: []
        m_TextColor: {r: 0, g: 0, b: 0, a: 1}
      m_OnActive:
        m_Background: {fileID: 0}
        m_ScaledBackgrounds: []
        m_TextColor: {r: 0, g: 0, b: 0, a: 1}
      m_OnFocused:
        m_Background: {fileID: 0}
        m_ScaledBackgrounds: []
        m_TextColor: {r: 0, g: 0, b: 0, a: 1}
      m_Border:
        m_Left: 4
        m_Right: 4
        m_Top: 12
        m_Bottom: 12
      m_Margin:
        m_Left: 0
        m_Right: 0
        m_Top: 0
        m_Bottom: 0
      m_Padding:
        m_Left: 0
        m_Right: 0
        m_Top: 0
        m_Bottom: 0
      m_Overflow:
        m_Left: 0
        m_Right: 0
        m_Top: 0
        m_Bottom: 0
      m_Font: {fileID: 0}
      m_FontSize: 0
      m_FontStyle: 0
      m_Alignment: 0
      m_WordWrap: 0
      m_RichText: 1
      m_TextClipping: 0
      m_ImagePosition: 0
      m_ContentOffset: {x: 0, y: 0}
      m_FixedWidth: 0
      m_FixedHeight: 0
      m_StretchWidth: 1
      m_StretchHeight: 0
    _nodeID: dd20750e-ba05-415f-8168-31155f3fbf95
  currentStyle:
    m_Name: 
    m_Normal:
      m_Background: {fileID: -3453378117783705200, guid: 0000000000000000d000000000000000,
        type: 0}
      m_ScaledBackgrounds: []
      m_TextColor: {r: 0, g: 0, b: 0, a: 1}
    m_Hover:
      m_Background: {fileID: 0}
      m_ScaledBackgrounds: []
      m_TextColor: {r: 0, g: 0, b: 0, a: 1}
    m_Active:
      m_Background: {fileID: 0}
      m_ScaledBackgrounds: []
      m_TextColor: {r: 0, g: 0, b: 0, a: 1}
    m_Focused:
      m_Background: {fileID: 0}
      m_ScaledBackgrounds: []
      m_TextColor: {r: 0, g: 0, b: 0, a: 1}
    m_OnNormal:
      m_Background: {fileID: 0}
      m_ScaledBackgrounds: []
      m_TextColor: {r: 0, g: 0, b: 0, a: 1}
    m_OnHover:
      m_Background: {fileID: 0}
      m_ScaledBackgrounds: []
      m_TextColor: {r: 0, g: 0, b: 0, a: 1}
    m_OnActive:
      m_Background: {fileID: 0}
      m_ScaledBackgrounds: []
      m_TextColor: {r: 0, g: 0, b: 0, a: 1}
    m_OnFocused:
      m_Background: {fileID: 0}
      m_ScaledBackgrounds: []
      m_TextColor: {r: 0, g: 0, b: 0, a: 1}
    m_Border:
      m_Left: 12
      m_Right: 12
      m_Top: 12
      m_Bottom: 12
    m_Margin:
      m_Left: 0
      m_Right: 0
      m_Top: 0
      m_Bottom: 0
    m_Padding:
      m_Left: 0
      m_Right: 0
      m_Top: 0
      m_Bottom: 0
    m_Overflow:
      m_Left: 0
      m_Right: 0
      m_Top: 0
      m_Bottom: 0
    m_Font: {fileID: 0}
    m_FontSize: 0
    m_FontStyle: 0
    m_Alignment: 0
    m_WordWrap: 0
    m_RichText: 1
    m_TextClipping: 0
    m_ImagePosition: 0
    m_ContentOffset: {x: 0, y: 0}
    m_FixedWidth: 0
    m_FixedHeight: 0
    m_StretchWidth: 1
    m_StretchHeight: 0
  GUID: dd20750e-ba05-415f-8168-31155f3fbf95
  ID: 00000004
  serializableNextNodes:
  - 6eede881-2353-418e-9e01-ecb3cabc58b0
  filePath: D:/Unity Projects/sprint-3/Assets/Resources/Text/Test.csv
  character:
    characterName: Speaker
    characterText: Dialogue
--- !u!114 &114420775642928592
MonoBehaviour:
  m_ObjectHideFlags: 0
  m_CorrespondingSourceObject: {fileID: 0}
  m_PrefabInternal: {fileID: 0}
  m_GameObject: {fileID: 0}
  m_Enabled: 1
  m_EditorHideFlags: 0
  m_Script: {fileID: 11500000, guid: 9009dc10e6a1a894cb39449de50b6cee, type: 3}
  m_Name: 
  m_EditorClassIdentifier: 
  rect:
    serializedVersion: 2
    x: 1370
    y: 351
    width: 60
    height: 80
  inPoint:
    rect:
      serializedVersion: 2
      x: 1368
      y: 381
      width: 10
      height: 20
    type: 0
    style:
      m_Name: 
      m_Normal:
        m_Background: {fileID: -137945306764144326, guid: 0000000000000000d000000000000000,
          type: 0}
        m_ScaledBackgrounds: []
        m_TextColor: {r: 0, g: 0, b: 0, a: 1}
      m_Hover:
        m_Background: {fileID: 0}
        m_ScaledBackgrounds: []
        m_TextColor: {r: 0, g: 0, b: 0, a: 1}
      m_Active:
        m_Background: {fileID: 7748859771797447999, guid: 0000000000000000d000000000000000,
          type: 0}
        m_ScaledBackgrounds: []
        m_TextColor: {r: 0, g: 0, b: 0, a: 1}
      m_Focused:
        m_Background: {fileID: 0}
        m_ScaledBackgrounds: []
        m_TextColor: {r: 0, g: 0, b: 0, a: 1}
      m_OnNormal:
        m_Background: {fileID: 0}
        m_ScaledBackgrounds: []
        m_TextColor: {r: 0, g: 0, b: 0, a: 1}
      m_OnHover:
        m_Background: {fileID: 0}
        m_ScaledBackgrounds: []
        m_TextColor: {r: 0, g: 0, b: 0, a: 1}
      m_OnActive:
        m_Background: {fileID: 0}
        m_ScaledBackgrounds: []
        m_TextColor: {r: 0, g: 0, b: 0, a: 1}
      m_OnFocused:
        m_Background: {fileID: 0}
        m_ScaledBackgrounds: []
        m_TextColor: {r: 0, g: 0, b: 0, a: 1}
      m_Border:
        m_Left: 4
        m_Right: 4
        m_Top: 12
        m_Bottom: 12
      m_Margin:
        m_Left: 0
        m_Right: 0
        m_Top: 0
        m_Bottom: 0
      m_Padding:
        m_Left: 0
        m_Right: 0
        m_Top: 0
        m_Bottom: 0
      m_Overflow:
        m_Left: 0
        m_Right: 0
        m_Top: 0
        m_Bottom: 0
      m_Font: {fileID: 0}
      m_FontSize: 0
      m_FontStyle: 0
      m_Alignment: 0
      m_WordWrap: 0
      m_RichText: 1
      m_TextClipping: 0
      m_ImagePosition: 0
      m_ContentOffset: {x: 0, y: 0}
      m_FixedWidth: 0
      m_FixedHeight: 0
      m_StretchWidth: 1
      m_StretchHeight: 0
    _nodeID: 6eede881-2353-418e-9e01-ecb3cabc58b0
  outPoint:
    rect:
      serializedVersion: 2
      x: 1422
      y: 381
      width: 10
      height: 20
    type: 1
    style:
      m_Name: 
      m_Normal:
        m_Background: {fileID: 5361632866341858327, guid: 0000000000000000d000000000000000,
          type: 0}
        m_ScaledBackgrounds: []
        m_TextColor: {r: 0, g: 0, b: 0, a: 1}
      m_Hover:
        m_Background: {fileID: 0}
        m_ScaledBackgrounds: []
        m_TextColor: {r: 0, g: 0, b: 0, a: 1}
      m_Active:
        m_Background: {fileID: 4979192565147231929, guid: 0000000000000000d000000000000000,
          type: 0}
        m_ScaledBackgrounds: []
        m_TextColor: {r: 0, g: 0, b: 0, a: 1}
      m_Focused:
        m_Background: {fileID: 0}
        m_ScaledBackgrounds: []
        m_TextColor: {r: 0, g: 0, b: 0, a: 1}
      m_OnNormal:
        m_Background: {fileID: 0}
        m_ScaledBackgrounds: []
        m_TextColor: {r: 0, g: 0, b: 0, a: 1}
      m_OnHover:
        m_Background: {fileID: 0}
        m_ScaledBackgrounds: []
        m_TextColor: {r: 0, g: 0, b: 0, a: 1}
      m_OnActive:
        m_Background: {fileID: 0}
        m_ScaledBackgrounds: []
        m_TextColor: {r: 0, g: 0, b: 0, a: 1}
      m_OnFocused:
        m_Background: {fileID: 0}
        m_ScaledBackgrounds: []
        m_TextColor: {r: 0, g: 0, b: 0, a: 1}
      m_Border:
        m_Left: 4
        m_Right: 4
        m_Top: 12
        m_Bottom: 12
      m_Margin:
        m_Left: 0
        m_Right: 0
        m_Top: 0
        m_Bottom: 0
      m_Padding:
        m_Left: 0
        m_Right: 0
        m_Top: 0
        m_Bottom: 0
      m_Overflow:
        m_Left: 0
        m_Right: 0
        m_Top: 0
        m_Bottom: 0
      m_Font: {fileID: 0}
      m_FontSize: 0
      m_FontStyle: 0
      m_Alignment: 0
      m_WordWrap: 0
      m_RichText: 1
      m_TextClipping: 0
      m_ImagePosition: 0
      m_ContentOffset: {x: 0, y: 0}
      m_FixedWidth: 0
      m_FixedHeight: 0
      m_StretchWidth: 1
      m_StretchHeight: 0
    _nodeID: 6eede881-2353-418e-9e01-ecb3cabc58b0
  currentStyle:
    m_Name: 
    m_Normal:
      m_Background: {fileID: -3453378117783705200, guid: 0000000000000000d000000000000000,
        type: 0}
      m_ScaledBackgrounds: []
      m_TextColor: {r: 0, g: 0, b: 0, a: 1}
    m_Hover:
      m_Background: {fileID: 0}
      m_ScaledBackgrounds: []
      m_TextColor: {r: 0, g: 0, b: 0, a: 1}
    m_Active:
      m_Background: {fileID: 0}
      m_ScaledBackgrounds: []
      m_TextColor: {r: 0, g: 0, b: 0, a: 1}
    m_Focused:
      m_Background: {fileID: 0}
      m_ScaledBackgrounds: []
      m_TextColor: {r: 0, g: 0, b: 0, a: 1}
    m_OnNormal:
      m_Background: {fileID: 0}
      m_ScaledBackgrounds: []
      m_TextColor: {r: 0, g: 0, b: 0, a: 1}
    m_OnHover:
      m_Background: {fileID: 0}
      m_ScaledBackgrounds: []
      m_TextColor: {r: 0, g: 0, b: 0, a: 1}
    m_OnActive:
      m_Background: {fileID: 0}
      m_ScaledBackgrounds: []
      m_TextColor: {r: 0, g: 0, b: 0, a: 1}
    m_OnFocused:
      m_Background: {fileID: 0}
      m_ScaledBackgrounds: []
      m_TextColor: {r: 0, g: 0, b: 0, a: 1}
    m_Border:
      m_Left: 12
      m_Right: 12
      m_Top: 12
      m_Bottom: 12
    m_Margin:
      m_Left: 0
      m_Right: 0
      m_Top: 0
      m_Bottom: 0
    m_Padding:
      m_Left: 0
      m_Right: 0
      m_Top: 0
      m_Bottom: 0
    m_Overflow:
      m_Left: 0
      m_Right: 0
      m_Top: 0
      m_Bottom: 0
    m_Font: {fileID: 0}
    m_FontSize: 0
    m_FontStyle: 0
    m_Alignment: 0
    m_WordWrap: 0
    m_RichText: 1
    m_TextClipping: 0
    m_ImagePosition: 0
    m_ContentOffset: {x: 0, y: 0}
    m_FixedWidth: 0
    m_FixedHeight: 0
    m_StretchWidth: 1
    m_StretchHeight: 0
  GUID: 6eede881-2353-418e-9e01-ecb3cabc58b0
  ID: 0000000a
  serializableNextNodes:
  - ae40baa4-f07f-4134-a33f-94f1f74548a3
  answerPanel: 0
  dialoguePanel: 1
  relationPanel: 0
--- !u!114 &114420945770652590
MonoBehaviour:
  m_ObjectHideFlags: 0
  m_CorrespondingSourceObject: {fileID: 0}
  m_PrefabInternal: {fileID: 0}
  m_GameObject: {fileID: 0}
  m_Enabled: 1
  m_EditorHideFlags: 0
  m_Script: {fileID: 11500000, guid: 73d35226539ed4946ae2f1293af8a25e, type: 3}
  m_Name: 
  m_EditorClassIdentifier: 
  rect:
    serializedVersion: 2
    x: 293
    y: 378
    width: 60
    height: 50
  inPoint:
    rect:
      serializedVersion: 2
      x: 0
      y: 0
      width: 10
      height: 20
    type: 0
    style:
      m_Name: 
      m_Normal:
        m_Background: {fileID: -137945306764144326, guid: 0000000000000000d000000000000000,
          type: 0}
        m_ScaledBackgrounds: []
        m_TextColor: {r: 0, g: 0, b: 0, a: 1}
      m_Hover:
        m_Background: {fileID: 0}
        m_ScaledBackgrounds: []
        m_TextColor: {r: 0, g: 0, b: 0, a: 1}
      m_Active:
        m_Background: {fileID: 7748859771797447999, guid: 0000000000000000d000000000000000,
          type: 0}
        m_ScaledBackgrounds: []
        m_TextColor: {r: 0, g: 0, b: 0, a: 1}
      m_Focused:
        m_Background: {fileID: 0}
        m_ScaledBackgrounds: []
        m_TextColor: {r: 0, g: 0, b: 0, a: 1}
      m_OnNormal:
        m_Background: {fileID: 0}
        m_ScaledBackgrounds: []
        m_TextColor: {r: 0, g: 0, b: 0, a: 1}
      m_OnHover:
        m_Background: {fileID: 0}
        m_ScaledBackgrounds: []
        m_TextColor: {r: 0, g: 0, b: 0, a: 1}
      m_OnActive:
        m_Background: {fileID: 0}
        m_ScaledBackgrounds: []
        m_TextColor: {r: 0, g: 0, b: 0, a: 1}
      m_OnFocused:
        m_Background: {fileID: 0}
        m_ScaledBackgrounds: []
        m_TextColor: {r: 0, g: 0, b: 0, a: 1}
      m_Border:
        m_Left: 4
        m_Right: 4
        m_Top: 12
        m_Bottom: 12
      m_Margin:
        m_Left: 0
        m_Right: 0
        m_Top: 0
        m_Bottom: 0
      m_Padding:
        m_Left: 0
        m_Right: 0
        m_Top: 0
        m_Bottom: 0
      m_Overflow:
        m_Left: 0
        m_Right: 0
        m_Top: 0
        m_Bottom: 0
      m_Font: {fileID: 0}
      m_FontSize: 0
      m_FontStyle: 0
      m_Alignment: 0
      m_WordWrap: 0
      m_RichText: 1
      m_TextClipping: 0
      m_ImagePosition: 0
      m_ContentOffset: {x: 0, y: 0}
      m_FixedWidth: 0
      m_FixedHeight: 0
      m_StretchWidth: 1
      m_StretchHeight: 0
    _nodeID: 9301b76e-755f-4c73-9eda-a033a1024dcd
  outPoint:
    rect:
      serializedVersion: 2
      x: 345
      y: 393
      width: 10
      height: 20
    type: 1
    style:
      m_Name: 
      m_Normal:
        m_Background: {fileID: 5361632866341858327, guid: 0000000000000000d000000000000000,
          type: 0}
        m_ScaledBackgrounds: []
        m_TextColor: {r: 0, g: 0, b: 0, a: 1}
      m_Hover:
        m_Background: {fileID: 0}
        m_ScaledBackgrounds: []
        m_TextColor: {r: 0, g: 0, b: 0, a: 1}
      m_Active:
        m_Background: {fileID: 4979192565147231929, guid: 0000000000000000d000000000000000,
          type: 0}
        m_ScaledBackgrounds: []
        m_TextColor: {r: 0, g: 0, b: 0, a: 1}
      m_Focused:
        m_Background: {fileID: 0}
        m_ScaledBackgrounds: []
        m_TextColor: {r: 0, g: 0, b: 0, a: 1}
      m_OnNormal:
        m_Background: {fileID: 0}
        m_ScaledBackgrounds: []
        m_TextColor: {r: 0, g: 0, b: 0, a: 1}
      m_OnHover:
        m_Background: {fileID: 0}
        m_ScaledBackgrounds: []
        m_TextColor: {r: 0, g: 0, b: 0, a: 1}
      m_OnActive:
        m_Background: {fileID: 0}
        m_ScaledBackgrounds: []
        m_TextColor: {r: 0, g: 0, b: 0, a: 1}
      m_OnFocused:
        m_Background: {fileID: 0}
        m_ScaledBackgrounds: []
        m_TextColor: {r: 0, g: 0, b: 0, a: 1}
      m_Border:
        m_Left: 4
        m_Right: 4
        m_Top: 12
        m_Bottom: 12
      m_Margin:
        m_Left: 0
        m_Right: 0
        m_Top: 0
        m_Bottom: 0
      m_Padding:
        m_Left: 0
        m_Right: 0
        m_Top: 0
        m_Bottom: 0
      m_Overflow:
        m_Left: 0
        m_Right: 0
        m_Top: 0
        m_Bottom: 0
      m_Font: {fileID: 0}
      m_FontSize: 0
      m_FontStyle: 0
      m_Alignment: 0
      m_WordWrap: 0
      m_RichText: 1
      m_TextClipping: 0
      m_ImagePosition: 0
      m_ContentOffset: {x: 0, y: 0}
      m_FixedWidth: 0
      m_FixedHeight: 0
      m_StretchWidth: 1
      m_StretchHeight: 0
    _nodeID: 9301b76e-755f-4c73-9eda-a033a1024dcd
  currentStyle:
    m_Name: 
    m_Normal:
      m_Background: {fileID: -3453378117783705200, guid: 0000000000000000d000000000000000,
        type: 0}
      m_ScaledBackgrounds: []
      m_TextColor: {r: 0, g: 0, b: 0, a: 1}
    m_Hover:
      m_Background: {fileID: 0}
      m_ScaledBackgrounds: []
      m_TextColor: {r: 0, g: 0, b: 0, a: 1}
    m_Active:
      m_Background: {fileID: 0}
      m_ScaledBackgrounds: []
      m_TextColor: {r: 0, g: 0, b: 0, a: 1}
    m_Focused:
      m_Background: {fileID: 0}
      m_ScaledBackgrounds: []
      m_TextColor: {r: 0, g: 0, b: 0, a: 1}
    m_OnNormal:
      m_Background: {fileID: 0}
      m_ScaledBackgrounds: []
      m_TextColor: {r: 0, g: 0, b: 0, a: 1}
    m_OnHover:
      m_Background: {fileID: 0}
      m_ScaledBackgrounds: []
      m_TextColor: {r: 0, g: 0, b: 0, a: 1}
    m_OnActive:
      m_Background: {fileID: 0}
      m_ScaledBackgrounds: []
      m_TextColor: {r: 0, g: 0, b: 0, a: 1}
    m_OnFocused:
      m_Background: {fileID: 0}
      m_ScaledBackgrounds: []
      m_TextColor: {r: 0, g: 0, b: 0, a: 1}
    m_Border:
      m_Left: 12
      m_Right: 12
      m_Top: 12
      m_Bottom: 12
    m_Margin:
      m_Left: 0
      m_Right: 0
      m_Top: 0
      m_Bottom: 0
    m_Padding:
      m_Left: 0
      m_Right: 0
      m_Top: 0
      m_Bottom: 0
    m_Overflow:
      m_Left: 0
      m_Right: 0
      m_Top: 0
      m_Bottom: 0
    m_Font: {fileID: 0}
    m_FontSize: 0
    m_FontStyle: 0
    m_Alignment: 0
    m_WordWrap: 0
    m_RichText: 1
    m_TextClipping: 0
    m_ImagePosition: 0
    m_ContentOffset: {x: 0, y: 0}
    m_FixedWidth: 0
    m_FixedHeight: 0
    m_StretchWidth: 1
    m_StretchHeight: 0
  GUID: 9301b76e-755f-4c73-9eda-a033a1024dcd
  ID: 00000000
  serializableNextNodes:
  - 8831b6a9-049f-47f3-8652-ef4c13b1c6d5
--- !u!114 &114487067021026596
MonoBehaviour:
  m_ObjectHideFlags: 0
  m_CorrespondingSourceObject: {fileID: 0}
  m_PrefabInternal: {fileID: 0}
  m_GameObject: {fileID: 0}
  m_Enabled: 1
  m_EditorHideFlags: 0
  m_Script: {fileID: 11500000, guid: c60861814ba281b4086f96a57bcd6ba3, type: 3}
  m_Name: 
  m_EditorClassIdentifier: 
  rect:
    serializedVersion: 2
    x: 1837
    y: 344
    width: 300
    height: 150
  inPoint:
    rect:
      serializedVersion: 2
      x: 1835
      y: 409
      width: 10
      height: 20
    type: 0
    style:
      m_Name: 
      m_Normal:
        m_Background: {fileID: -137945306764144326, guid: 0000000000000000d000000000000000,
          type: 0}
        m_ScaledBackgrounds: []
        m_TextColor: {r: 0, g: 0, b: 0, a: 1}
      m_Hover:
        m_Background: {fileID: 0}
        m_ScaledBackgrounds: []
        m_TextColor: {r: 0, g: 0, b: 0, a: 1}
      m_Active:
        m_Background: {fileID: 7748859771797447999, guid: 0000000000000000d000000000000000,
          type: 0}
        m_ScaledBackgrounds: []
        m_TextColor: {r: 0, g: 0, b: 0, a: 1}
      m_Focused:
        m_Background: {fileID: 0}
        m_ScaledBackgrounds: []
        m_TextColor: {r: 0, g: 0, b: 0, a: 1}
      m_OnNormal:
        m_Background: {fileID: 0}
        m_ScaledBackgrounds: []
        m_TextColor: {r: 0, g: 0, b: 0, a: 1}
      m_OnHover:
        m_Background: {fileID: 0}
        m_ScaledBackgrounds: []
        m_TextColor: {r: 0, g: 0, b: 0, a: 1}
      m_OnActive:
        m_Background: {fileID: 0}
        m_ScaledBackgrounds: []
        m_TextColor: {r: 0, g: 0, b: 0, a: 1}
      m_OnFocused:
        m_Background: {fileID: 0}
        m_ScaledBackgrounds: []
        m_TextColor: {r: 0, g: 0, b: 0, a: 1}
      m_Border:
        m_Left: 4
        m_Right: 4
        m_Top: 12
        m_Bottom: 12
      m_Margin:
        m_Left: 0
        m_Right: 0
        m_Top: 0
        m_Bottom: 0
      m_Padding:
        m_Left: 0
        m_Right: 0
        m_Top: 0
        m_Bottom: 0
      m_Overflow:
        m_Left: 0
        m_Right: 0
        m_Top: 0
        m_Bottom: 0
      m_Font: {fileID: 0}
      m_FontSize: 0
      m_FontStyle: 0
      m_Alignment: 0
      m_WordWrap: 0
      m_RichText: 1
      m_TextClipping: 0
      m_ImagePosition: 0
      m_ContentOffset: {x: 0, y: 0}
      m_FixedWidth: 0
      m_FixedHeight: 0
      m_StretchWidth: 1
      m_StretchHeight: 0
    _nodeID: 4b28612f-d752-4795-8ffb-890893ba7517
  outPoint:
    rect:
      serializedVersion: 2
      x: 2129
      y: 409
      width: 10
      height: 20
    type: 1
    style:
      m_Name: 
      m_Normal:
        m_Background: {fileID: 5361632866341858327, guid: 0000000000000000d000000000000000,
          type: 0}
        m_ScaledBackgrounds: []
        m_TextColor: {r: 0, g: 0, b: 0, a: 1}
      m_Hover:
        m_Background: {fileID: 0}
        m_ScaledBackgrounds: []
        m_TextColor: {r: 0, g: 0, b: 0, a: 1}
      m_Active:
        m_Background: {fileID: 4979192565147231929, guid: 0000000000000000d000000000000000,
          type: 0}
        m_ScaledBackgrounds: []
        m_TextColor: {r: 0, g: 0, b: 0, a: 1}
      m_Focused:
        m_Background: {fileID: 0}
        m_ScaledBackgrounds: []
        m_TextColor: {r: 0, g: 0, b: 0, a: 1}
      m_OnNormal:
        m_Background: {fileID: 0}
        m_ScaledBackgrounds: []
        m_TextColor: {r: 0, g: 0, b: 0, a: 1}
      m_OnHover:
        m_Background: {fileID: 0}
        m_ScaledBackgrounds: []
        m_TextColor: {r: 0, g: 0, b: 0, a: 1}
      m_OnActive:
        m_Background: {fileID: 0}
        m_ScaledBackgrounds: []
        m_TextColor: {r: 0, g: 0, b: 0, a: 1}
      m_OnFocused:
        m_Background: {fileID: 0}
        m_ScaledBackgrounds: []
        m_TextColor: {r: 0, g: 0, b: 0, a: 1}
      m_Border:
        m_Left: 4
        m_Right: 4
        m_Top: 12
        m_Bottom: 12
      m_Margin:
        m_Left: 0
        m_Right: 0
        m_Top: 0
        m_Bottom: 0
      m_Padding:
        m_Left: 0
        m_Right: 0
        m_Top: 0
        m_Bottom: 0
      m_Overflow:
        m_Left: 0
        m_Right: 0
        m_Top: 0
        m_Bottom: 0
      m_Font: {fileID: 0}
      m_FontSize: 0
      m_FontStyle: 0
      m_Alignment: 0
      m_WordWrap: 0
      m_RichText: 1
      m_TextClipping: 0
      m_ImagePosition: 0
      m_ContentOffset: {x: 0, y: 0}
      m_FixedWidth: 0
      m_FixedHeight: 0
      m_StretchWidth: 1
      m_StretchHeight: 0
    _nodeID: 4b28612f-d752-4795-8ffb-890893ba7517
  currentStyle:
    m_Name: 
    m_Normal:
      m_Background: {fileID: -3453378117783705200, guid: 0000000000000000d000000000000000,
        type: 0}
      m_ScaledBackgrounds: []
      m_TextColor: {r: 0, g: 0, b: 0, a: 1}
    m_Hover:
      m_Background: {fileID: 0}
      m_ScaledBackgrounds: []
      m_TextColor: {r: 0, g: 0, b: 0, a: 1}
    m_Active:
      m_Background: {fileID: 0}
      m_ScaledBackgrounds: []
      m_TextColor: {r: 0, g: 0, b: 0, a: 1}
    m_Focused:
      m_Background: {fileID: 0}
      m_ScaledBackgrounds: []
      m_TextColor: {r: 0, g: 0, b: 0, a: 1}
    m_OnNormal:
      m_Background: {fileID: 0}
      m_ScaledBackgrounds: []
      m_TextColor: {r: 0, g: 0, b: 0, a: 1}
    m_OnHover:
      m_Background: {fileID: 0}
      m_ScaledBackgrounds: []
      m_TextColor: {r: 0, g: 0, b: 0, a: 1}
    m_OnActive:
      m_Background: {fileID: 0}
      m_ScaledBackgrounds: []
      m_TextColor: {r: 0, g: 0, b: 0, a: 1}
    m_OnFocused:
      m_Background: {fileID: 0}
      m_ScaledBackgrounds: []
      m_TextColor: {r: 0, g: 0, b: 0, a: 1}
    m_Border:
      m_Left: 12
      m_Right: 12
      m_Top: 12
      m_Bottom: 12
    m_Margin:
      m_Left: 0
      m_Right: 0
      m_Top: 0
      m_Bottom: 0
    m_Padding:
      m_Left: 0
      m_Right: 0
      m_Top: 0
      m_Bottom: 0
    m_Overflow:
      m_Left: 0
      m_Right: 0
      m_Top: 0
      m_Bottom: 0
    m_Font: {fileID: 0}
    m_FontSize: 0
    m_FontStyle: 0
    m_Alignment: 0
    m_WordWrap: 0
    m_RichText: 1
    m_TextClipping: 0
    m_ImagePosition: 0
    m_ContentOffset: {x: 0, y: 0}
    m_FixedWidth: 0
    m_FixedHeight: 0
    m_StretchWidth: 1
    m_StretchHeight: 0
  GUID: 4b28612f-d752-4795-8ffb-890893ba7517
  ID: 00000007
  serializableNextNodes:
  - 71d2df54-ebd3-4f06-a798-aea4c2b90ab2
  - d8ac73f2-ce32-45e5-bd00-2e7ee2fc4494
  relationship: 0
  relationChar: 0
  rCharIndex: 0
  trust: 0
  rInput: 
  rValue: 0
  power: 0
  powerChoice: 0
  choice: 1
  nodeID: 3c629395-5743-48c5-8682-c303be2c4a79
  passCondition: 0
--- !u!114 &114508503088900406
MonoBehaviour:
  m_ObjectHideFlags: 0
  m_CorrespondingSourceObject: {fileID: 0}
  m_PrefabInternal: {fileID: 0}
  m_GameObject: {fileID: 0}
  m_Enabled: 1
  m_EditorHideFlags: 0
  m_Script: {fileID: 11500000, guid: a87b12b1396c6e64789efbdeef6c193b, type: 3}
  m_Name: 
  m_EditorClassIdentifier: 
  rect:
    serializedVersion: 2
    x: 1180
    y: 142
    width: 300
    height: 150
  inPoint:
    rect:
      serializedVersion: 2
      x: 1178
      y: 207
      width: 10
      height: 20
    type: 0
    style:
      m_Name: 
      m_Normal:
        m_Background: {fileID: -137945306764144326, guid: 0000000000000000d000000000000000,
          type: 0}
        m_ScaledBackgrounds: []
        m_TextColor: {r: 0, g: 0, b: 0, a: 1}
      m_Hover:
        m_Background: {fileID: 0}
        m_ScaledBackgrounds: []
        m_TextColor: {r: 0, g: 0, b: 0, a: 1}
      m_Active:
        m_Background: {fileID: 7748859771797447999, guid: 0000000000000000d000000000000000,
          type: 0}
        m_ScaledBackgrounds: []
        m_TextColor: {r: 0, g: 0, b: 0, a: 1}
      m_Focused:
        m_Background: {fileID: 0}
        m_ScaledBackgrounds: []
        m_TextColor: {r: 0, g: 0, b: 0, a: 1}
      m_OnNormal:
        m_Background: {fileID: 0}
        m_ScaledBackgrounds: []
        m_TextColor: {r: 0, g: 0, b: 0, a: 1}
      m_OnHover:
        m_Background: {fileID: 0}
        m_ScaledBackgrounds: []
        m_TextColor: {r: 0, g: 0, b: 0, a: 1}
      m_OnActive:
        m_Background: {fileID: 0}
        m_ScaledBackgrounds: []
        m_TextColor: {r: 0, g: 0, b: 0, a: 1}
      m_OnFocused:
        m_Background: {fileID: 0}
        m_ScaledBackgrounds: []
        m_TextColor: {r: 0, g: 0, b: 0, a: 1}
      m_Border:
        m_Left: 4
        m_Right: 4
        m_Top: 12
        m_Bottom: 12
      m_Margin:
        m_Left: 0
        m_Right: 0
        m_Top: 0
        m_Bottom: 0
      m_Padding:
        m_Left: 0
        m_Right: 0
        m_Top: 0
        m_Bottom: 0
      m_Overflow:
        m_Left: 0
        m_Right: 0
        m_Top: 0
        m_Bottom: 0
      m_Font: {fileID: 0}
      m_FontSize: 0
      m_FontStyle: 0
      m_Alignment: 0
      m_WordWrap: 0
      m_RichText: 1
      m_TextClipping: 0
      m_ImagePosition: 0
      m_ContentOffset: {x: 0, y: 0}
      m_FixedWidth: 0
      m_FixedHeight: 0
      m_StretchWidth: 1
      m_StretchHeight: 0
    _nodeID: 3c629395-5743-48c5-8682-c303be2c4a79
  outPoint:
    rect:
      serializedVersion: 2
      x: 1472
      y: 207
      width: 10
      height: 20
    type: 1
    style:
      m_Name: 
      m_Normal:
        m_Background: {fileID: 5361632866341858327, guid: 0000000000000000d000000000000000,
          type: 0}
        m_ScaledBackgrounds: []
        m_TextColor: {r: 0, g: 0, b: 0, a: 1}
      m_Hover:
        m_Background: {fileID: 0}
        m_ScaledBackgrounds: []
        m_TextColor: {r: 0, g: 0, b: 0, a: 1}
      m_Active:
        m_Background: {fileID: 4979192565147231929, guid: 0000000000000000d000000000000000,
          type: 0}
        m_ScaledBackgrounds: []
        m_TextColor: {r: 0, g: 0, b: 0, a: 1}
      m_Focused:
        m_Background: {fileID: 0}
        m_ScaledBackgrounds: []
        m_TextColor: {r: 0, g: 0, b: 0, a: 1}
      m_OnNormal:
        m_Background: {fileID: 0}
        m_ScaledBackgrounds: []
        m_TextColor: {r: 0, g: 0, b: 0, a: 1}
      m_OnHover:
        m_Background: {fileID: 0}
        m_ScaledBackgrounds: []
        m_TextColor: {r: 0, g: 0, b: 0, a: 1}
      m_OnActive:
        m_Background: {fileID: 0}
        m_ScaledBackgrounds: []
        m_TextColor: {r: 0, g: 0, b: 0, a: 1}
      m_OnFocused:
        m_Background: {fileID: 0}
        m_ScaledBackgrounds: []
        m_TextColor: {r: 0, g: 0, b: 0, a: 1}
      m_Border:
        m_Left: 4
        m_Right: 4
        m_Top: 12
        m_Bottom: 12
      m_Margin:
        m_Left: 0
        m_Right: 0
        m_Top: 0
        m_Bottom: 0
      m_Padding:
        m_Left: 0
        m_Right: 0
        m_Top: 0
        m_Bottom: 0
      m_Overflow:
        m_Left: 0
        m_Right: 0
        m_Top: 0
        m_Bottom: 0
      m_Font: {fileID: 0}
      m_FontSize: 0
      m_FontStyle: 0
      m_Alignment: 0
      m_WordWrap: 0
      m_RichText: 1
      m_TextClipping: 0
      m_ImagePosition: 0
      m_ContentOffset: {x: 0, y: 0}
      m_FixedWidth: 0
      m_FixedHeight: 0
      m_StretchWidth: 1
      m_StretchHeight: 0
    _nodeID: 3c629395-5743-48c5-8682-c303be2c4a79
  currentStyle:
    m_Name: 
    m_Normal:
      m_Background: {fileID: -3453378117783705200, guid: 0000000000000000d000000000000000,
        type: 0}
      m_ScaledBackgrounds: []
      m_TextColor: {r: 0, g: 0, b: 0, a: 1}
    m_Hover:
      m_Background: {fileID: 0}
      m_ScaledBackgrounds: []
      m_TextColor: {r: 0, g: 0, b: 0, a: 1}
    m_Active:
      m_Background: {fileID: 0}
      m_ScaledBackgrounds: []
      m_TextColor: {r: 0, g: 0, b: 0, a: 1}
    m_Focused:
      m_Background: {fileID: 0}
      m_ScaledBackgrounds: []
      m_TextColor: {r: 0, g: 0, b: 0, a: 1}
    m_OnNormal:
      m_Background: {fileID: 0}
      m_ScaledBackgrounds: []
      m_TextColor: {r: 0, g: 0, b: 0, a: 1}
    m_OnHover:
      m_Background: {fileID: 0}
      m_ScaledBackgrounds: []
      m_TextColor: {r: 0, g: 0, b: 0, a: 1}
    m_OnActive:
      m_Background: {fileID: 0}
      m_ScaledBackgrounds: []
      m_TextColor: {r: 0, g: 0, b: 0, a: 1}
    m_OnFocused:
      m_Background: {fileID: 0}
      m_ScaledBackgrounds: []
      m_TextColor: {r: 0, g: 0, b: 0, a: 1}
    m_Border:
      m_Left: 12
      m_Right: 12
      m_Top: 12
      m_Bottom: 12
    m_Margin:
      m_Left: 0
      m_Right: 0
      m_Top: 0
      m_Bottom: 0
    m_Padding:
      m_Left: 0
      m_Right: 0
      m_Top: 0
      m_Bottom: 0
    m_Overflow:
      m_Left: 0
      m_Right: 0
      m_Top: 0
      m_Bottom: 0
    m_Font: {fileID: 0}
    m_FontSize: 0
    m_FontStyle: 0
    m_Alignment: 0
    m_WordWrap: 0
    m_RichText: 1
    m_TextClipping: 0
    m_ImagePosition: 0
    m_ContentOffset: {x: 0, y: 0}
    m_FixedWidth: 0
    m_FixedHeight: 0
    m_StretchWidth: 1
    m_StretchHeight: 0
  GUID: 3c629395-5743-48c5-8682-c303be2c4a79
  ID: 00000005
  serializableNextNodes:
  - 6eede881-2353-418e-9e01-ecb3cabc58b0
  filePath: D:/Unity Projects/sprint-3/Assets/Resources/Text/Test.csv
  character:
    characterName: Speaker
    characterText: Dialogue
--- !u!114 &114613380821560986
MonoBehaviour:
  m_ObjectHideFlags: 0
  m_CorrespondingSourceObject: {fileID: 0}
  m_PrefabInternal: {fileID: 0}
  m_GameObject: {fileID: 0}
  m_Enabled: 1
  m_EditorHideFlags: 0
  m_Script: {fileID: 11500000, guid: a3acf06f9f2ecb64eb7fb26d4147c1a8, type: 3}
  m_Name: 
  m_EditorClassIdentifier: 
  rect:
    serializedVersion: 2
    x: 480
    y: 313
    width: 300
    height: 180
  inPoint:
    rect:
      serializedVersion: 2
      x: 478
      y: 393
      width: 10
      height: 20
    type: 0
    style:
      m_Name: 
      m_Normal:
        m_Background: {fileID: -137945306764144326, guid: 0000000000000000d000000000000000,
          type: 0}
        m_ScaledBackgrounds: []
        m_TextColor: {r: 0, g: 0, b: 0, a: 1}
      m_Hover:
        m_Background: {fileID: 0}
        m_ScaledBackgrounds: []
        m_TextColor: {r: 0, g: 0, b: 0, a: 1}
      m_Active:
        m_Background: {fileID: 7748859771797447999, guid: 0000000000000000d000000000000000,
          type: 0}
        m_ScaledBackgrounds: []
        m_TextColor: {r: 0, g: 0, b: 0, a: 1}
      m_Focused:
        m_Background: {fileID: 0}
        m_ScaledBackgrounds: []
        m_TextColor: {r: 0, g: 0, b: 0, a: 1}
      m_OnNormal:
        m_Background: {fileID: 0}
        m_ScaledBackgrounds: []
        m_TextColor: {r: 0, g: 0, b: 0, a: 1}
      m_OnHover:
        m_Background: {fileID: 0}
        m_ScaledBackgrounds: []
        m_TextColor: {r: 0, g: 0, b: 0, a: 1}
      m_OnActive:
        m_Background: {fileID: 0}
        m_ScaledBackgrounds: []
        m_TextColor: {r: 0, g: 0, b: 0, a: 1}
      m_OnFocused:
        m_Background: {fileID: 0}
        m_ScaledBackgrounds: []
        m_TextColor: {r: 0, g: 0, b: 0, a: 1}
      m_Border:
        m_Left: 4
        m_Right: 4
        m_Top: 12
        m_Bottom: 12
      m_Margin:
        m_Left: 0
        m_Right: 0
        m_Top: 0
        m_Bottom: 0
      m_Padding:
        m_Left: 0
        m_Right: 0
        m_Top: 0
        m_Bottom: 0
      m_Overflow:
        m_Left: 0
        m_Right: 0
        m_Top: 0
        m_Bottom: 0
      m_Font: {fileID: 0}
      m_FontSize: 0
      m_FontStyle: 0
      m_Alignment: 0
      m_WordWrap: 0
      m_RichText: 1
      m_TextClipping: 0
      m_ImagePosition: 0
      m_ContentOffset: {x: 0, y: 0}
      m_FixedWidth: 0
      m_FixedHeight: 0
      m_StretchWidth: 1
      m_StretchHeight: 0
    _nodeID: 2d571c84-528a-4862-87b1-6a07f703d3dd
  outPoint:
    rect:
      serializedVersion: 2
      x: 772
      y: 393
      width: 10
      height: 20
    type: 1
    style:
      m_Name: 
      m_Normal:
        m_Background: {fileID: 5361632866341858327, guid: 0000000000000000d000000000000000,
          type: 0}
        m_ScaledBackgrounds: []
        m_TextColor: {r: 0, g: 0, b: 0, a: 1}
      m_Hover:
        m_Background: {fileID: 0}
        m_ScaledBackgrounds: []
        m_TextColor: {r: 0, g: 0, b: 0, a: 1}
      m_Active:
        m_Background: {fileID: 4979192565147231929, guid: 0000000000000000d000000000000000,
          type: 0}
        m_ScaledBackgrounds: []
        m_TextColor: {r: 0, g: 0, b: 0, a: 1}
      m_Focused:
        m_Background: {fileID: 0}
        m_ScaledBackgrounds: []
        m_TextColor: {r: 0, g: 0, b: 0, a: 1}
      m_OnNormal:
        m_Background: {fileID: 0}
        m_ScaledBackgrounds: []
        m_TextColor: {r: 0, g: 0, b: 0, a: 1}
      m_OnHover:
        m_Background: {fileID: 0}
        m_ScaledBackgrounds: []
        m_TextColor: {r: 0, g: 0, b: 0, a: 1}
      m_OnActive:
        m_Background: {fileID: 0}
        m_ScaledBackgrounds: []
        m_TextColor: {r: 0, g: 0, b: 0, a: 1}
      m_OnFocused:
        m_Background: {fileID: 0}
        m_ScaledBackgrounds: []
        m_TextColor: {r: 0, g: 0, b: 0, a: 1}
      m_Border:
        m_Left: 4
        m_Right: 4
        m_Top: 12
        m_Bottom: 12
      m_Margin:
        m_Left: 0
        m_Right: 0
        m_Top: 0
        m_Bottom: 0
      m_Padding:
        m_Left: 0
        m_Right: 0
        m_Top: 0
        m_Bottom: 0
      m_Overflow:
        m_Left: 0
        m_Right: 0
        m_Top: 0
        m_Bottom: 0
      m_Font: {fileID: 0}
      m_FontSize: 0
      m_FontStyle: 0
      m_Alignment: 0
      m_WordWrap: 0
      m_RichText: 1
      m_TextClipping: 0
      m_ImagePosition: 0
      m_ContentOffset: {x: 0, y: 0}
      m_FixedWidth: 0
      m_FixedHeight: 0
      m_StretchWidth: 1
      m_StretchHeight: 0
    _nodeID: 2d571c84-528a-4862-87b1-6a07f703d3dd
  currentStyle:
    m_Name: 
    m_Normal:
      m_Background: {fileID: -3453378117783705200, guid: 0000000000000000d000000000000000,
        type: 0}
      m_ScaledBackgrounds: []
      m_TextColor: {r: 0, g: 0, b: 0, a: 1}
    m_Hover:
      m_Background: {fileID: 0}
      m_ScaledBackgrounds: []
      m_TextColor: {r: 0, g: 0, b: 0, a: 1}
    m_Active:
      m_Background: {fileID: 0}
      m_ScaledBackgrounds: []
      m_TextColor: {r: 0, g: 0, b: 0, a: 1}
    m_Focused:
      m_Background: {fileID: 0}
      m_ScaledBackgrounds: []
      m_TextColor: {r: 0, g: 0, b: 0, a: 1}
    m_OnNormal:
      m_Background: {fileID: 0}
      m_ScaledBackgrounds: []
      m_TextColor: {r: 0, g: 0, b: 0, a: 1}
    m_OnHover:
      m_Background: {fileID: 0}
      m_ScaledBackgrounds: []
      m_TextColor: {r: 0, g: 0, b: 0, a: 1}
    m_OnActive:
      m_Background: {fileID: 0}
      m_ScaledBackgrounds: []
      m_TextColor: {r: 0, g: 0, b: 0, a: 1}
    m_OnFocused:
      m_Background: {fileID: 0}
      m_ScaledBackgrounds: []
      m_TextColor: {r: 0, g: 0, b: 0, a: 1}
    m_Border:
      m_Left: 12
      m_Right: 12
      m_Top: 12
      m_Bottom: 12
    m_Margin:
      m_Left: 0
      m_Right: 0
      m_Top: 0
      m_Bottom: 0
    m_Padding:
      m_Left: 0
      m_Right: 0
      m_Top: 0
      m_Bottom: 0
    m_Overflow:
      m_Left: 0
      m_Right: 0
      m_Top: 0
      m_Bottom: 0
    m_Font: {fileID: 0}
    m_FontSize: 0
    m_FontStyle: 0
    m_Alignment: 0
    m_WordWrap: 0
    m_RichText: 1
    m_TextClipping: 0
    m_ImagePosition: 0
    m_ContentOffset: {x: 0, y: 0}
    m_FixedWidth: 0
    m_FixedHeight: 0
    m_StretchWidth: 1
    m_StretchHeight: 0
  GUID: 2d571c84-528a-4862-87b1-6a07f703d3dd
  ID: 00000002
  serializableNextNodes:
  - 6bc01639-f26f-45e8-9296-8094d9ad5cb6
  - dd20750e-ba05-415f-8168-31155f3fbf95
  filePath: D:/Unity Projects/sprint-3/Assets/Resources/Text/Test.csv
  answers:
  - This is definitely what a person would say.
  - '"Commas, commas, commas, and <b> more </b> commas."'
  - 
  - 
  - 
--- !u!114 &114618535948725740
MonoBehaviour:
  m_ObjectHideFlags: 0
  m_CorrespondingSourceObject: {fileID: 0}
  m_PrefabInternal: {fileID: 0}
  m_GameObject: {fileID: 0}
  m_Enabled: 1
  m_EditorHideFlags: 0
  m_Script: {fileID: 11500000, guid: a87b12b1396c6e64789efbdeef6c193b, type: 3}
  m_Name: 
  m_EditorClassIdentifier: 
  rect:
    serializedVersion: 2
    x: 2301
    y: 274
    width: 300
    height: 150
  inPoint:
    rect:
      serializedVersion: 2
      x: 2299
      y: 339
      width: 10
      height: 20
    type: 0
    style:
      m_Name: 
      m_Normal:
        m_Background: {fileID: -137945306764144326, guid: 0000000000000000d000000000000000,
          type: 0}
        m_ScaledBackgrounds: []
        m_TextColor: {r: 0, g: 0, b: 0, a: 1}
      m_Hover:
        m_Background: {fileID: 0}
        m_ScaledBackgrounds: []
        m_TextColor: {r: 0, g: 0, b: 0, a: 1}
      m_Active:
        m_Background: {fileID: 7748859771797447999, guid: 0000000000000000d000000000000000,
          type: 0}
        m_ScaledBackgrounds: []
        m_TextColor: {r: 0, g: 0, b: 0, a: 1}
      m_Focused:
        m_Background: {fileID: 0}
        m_ScaledBackgrounds: []
        m_TextColor: {r: 0, g: 0, b: 0, a: 1}
      m_OnNormal:
        m_Background: {fileID: 0}
        m_ScaledBackgrounds: []
        m_TextColor: {r: 0, g: 0, b: 0, a: 1}
      m_OnHover:
        m_Background: {fileID: 0}
        m_ScaledBackgrounds: []
        m_TextColor: {r: 0, g: 0, b: 0, a: 1}
      m_OnActive:
        m_Background: {fileID: 0}
        m_ScaledBackgrounds: []
        m_TextColor: {r: 0, g: 0, b: 0, a: 1}
      m_OnFocused:
        m_Background: {fileID: 0}
        m_ScaledBackgrounds: []
        m_TextColor: {r: 0, g: 0, b: 0, a: 1}
      m_Border:
        m_Left: 4
        m_Right: 4
        m_Top: 12
        m_Bottom: 12
      m_Margin:
        m_Left: 0
        m_Right: 0
        m_Top: 0
        m_Bottom: 0
      m_Padding:
        m_Left: 0
        m_Right: 0
        m_Top: 0
        m_Bottom: 0
      m_Overflow:
        m_Left: 0
        m_Right: 0
        m_Top: 0
        m_Bottom: 0
      m_Font: {fileID: 0}
      m_FontSize: 0
      m_FontStyle: 0
      m_Alignment: 0
      m_WordWrap: 0
      m_RichText: 1
      m_TextClipping: 0
      m_ImagePosition: 0
      m_ContentOffset: {x: 0, y: 0}
      m_FixedWidth: 0
      m_FixedHeight: 0
      m_StretchWidth: 1
      m_StretchHeight: 0
    _nodeID: 71d2df54-ebd3-4f06-a798-aea4c2b90ab2
  outPoint:
    rect:
      serializedVersion: 2
      x: 2593
      y: 339
      width: 10
      height: 20
    type: 1
    style:
      m_Name: 
      m_Normal:
        m_Background: {fileID: 5361632866341858327, guid: 0000000000000000d000000000000000,
          type: 0}
        m_ScaledBackgrounds: []
        m_TextColor: {r: 0, g: 0, b: 0, a: 1}
      m_Hover:
        m_Background: {fileID: 0}
        m_ScaledBackgrounds: []
        m_TextColor: {r: 0, g: 0, b: 0, a: 1}
      m_Active:
        m_Background: {fileID: 4979192565147231929, guid: 0000000000000000d000000000000000,
          type: 0}
        m_ScaledBackgrounds: []
        m_TextColor: {r: 0, g: 0, b: 0, a: 1}
      m_Focused:
        m_Background: {fileID: 0}
        m_ScaledBackgrounds: []
        m_TextColor: {r: 0, g: 0, b: 0, a: 1}
      m_OnNormal:
        m_Background: {fileID: 0}
        m_ScaledBackgrounds: []
        m_TextColor: {r: 0, g: 0, b: 0, a: 1}
      m_OnHover:
        m_Background: {fileID: 0}
        m_ScaledBackgrounds: []
        m_TextColor: {r: 0, g: 0, b: 0, a: 1}
      m_OnActive:
        m_Background: {fileID: 0}
        m_ScaledBackgrounds: []
        m_TextColor: {r: 0, g: 0, b: 0, a: 1}
      m_OnFocused:
        m_Background: {fileID: 0}
        m_ScaledBackgrounds: []
        m_TextColor: {r: 0, g: 0, b: 0, a: 1}
      m_Border:
        m_Left: 4
        m_Right: 4
        m_Top: 12
        m_Bottom: 12
      m_Margin:
        m_Left: 0
        m_Right: 0
        m_Top: 0
        m_Bottom: 0
      m_Padding:
        m_Left: 0
        m_Right: 0
        m_Top: 0
        m_Bottom: 0
      m_Overflow:
        m_Left: 0
        m_Right: 0
        m_Top: 0
        m_Bottom: 0
      m_Font: {fileID: 0}
      m_FontSize: 0
      m_FontStyle: 0
      m_Alignment: 0
      m_WordWrap: 0
      m_RichText: 1
      m_TextClipping: 0
      m_ImagePosition: 0
      m_ContentOffset: {x: 0, y: 0}
      m_FixedWidth: 0
      m_FixedHeight: 0
      m_StretchWidth: 1
      m_StretchHeight: 0
    _nodeID: 71d2df54-ebd3-4f06-a798-aea4c2b90ab2
  currentStyle:
    m_Name: 
    m_Normal:
      m_Background: {fileID: -3453378117783705200, guid: 0000000000000000d000000000000000,
        type: 0}
      m_ScaledBackgrounds: []
      m_TextColor: {r: 0, g: 0, b: 0, a: 1}
    m_Hover:
      m_Background: {fileID: 0}
      m_ScaledBackgrounds: []
      m_TextColor: {r: 0, g: 0, b: 0, a: 1}
    m_Active:
      m_Background: {fileID: 0}
      m_ScaledBackgrounds: []
      m_TextColor: {r: 0, g: 0, b: 0, a: 1}
    m_Focused:
      m_Background: {fileID: 0}
      m_ScaledBackgrounds: []
      m_TextColor: {r: 0, g: 0, b: 0, a: 1}
    m_OnNormal:
      m_Background: {fileID: 0}
      m_ScaledBackgrounds: []
      m_TextColor: {r: 0, g: 0, b: 0, a: 1}
    m_OnHover:
      m_Background: {fileID: 0}
      m_ScaledBackgrounds: []
      m_TextColor: {r: 0, g: 0, b: 0, a: 1}
    m_OnActive:
      m_Background: {fileID: 0}
      m_ScaledBackgrounds: []
      m_TextColor: {r: 0, g: 0, b: 0, a: 1}
    m_OnFocused:
      m_Background: {fileID: 0}
      m_ScaledBackgrounds: []
      m_TextColor: {r: 0, g: 0, b: 0, a: 1}
    m_Border:
      m_Left: 12
      m_Right: 12
      m_Top: 12
      m_Bottom: 12
    m_Margin:
      m_Left: 0
      m_Right: 0
      m_Top: 0
      m_Bottom: 0
    m_Padding:
      m_Left: 0
      m_Right: 0
      m_Top: 0
      m_Bottom: 0
    m_Overflow:
      m_Left: 0
      m_Right: 0
      m_Top: 0
      m_Bottom: 0
    m_Font: {fileID: 0}
    m_FontSize: 0
    m_FontStyle: 0
    m_Alignment: 0
    m_WordWrap: 0
    m_RichText: 1
    m_TextClipping: 0
    m_ImagePosition: 0
    m_ContentOffset: {x: 0, y: 0}
    m_FixedWidth: 0
    m_FixedHeight: 0
    m_StretchWidth: 1
    m_StretchHeight: 0
  GUID: 71d2df54-ebd3-4f06-a798-aea4c2b90ab2
  ID: 00000008
  serializableNextNodes:
  - 7931d268-40c9-4676-b4cc-dac423ec826f
  filePath: D:/Unity Projects/sprint-3/Assets/Resources/Text/Test.csv
  character:
    characterName: One
    characterText: This is definitely what a person would say.
--- !u!114 &114646492637571930
MonoBehaviour:
  m_ObjectHideFlags: 0
  m_CorrespondingSourceObject: {fileID: 0}
  m_PrefabInternal: {fileID: 0}
  m_GameObject: {fileID: 0}
  m_Enabled: 1
  m_EditorHideFlags: 0
  m_Script: {fileID: 11500000, guid: 9009dc10e6a1a894cb39449de50b6cee, type: 3}
  m_Name: 
  m_EditorClassIdentifier: 
  rect:
    serializedVersion: 2
    x: 395
    y: 364
    width: 60
    height: 80
  inPoint:
    rect:
      serializedVersion: 2
      x: 393
      y: 394
      width: 10
      height: 20
    type: 0
    style:
      m_Name: 
      m_Normal:
        m_Background: {fileID: -137945306764144326, guid: 0000000000000000d000000000000000,
          type: 0}
        m_ScaledBackgrounds: []
        m_TextColor: {r: 0, g: 0, b: 0, a: 1}
      m_Hover:
        m_Background: {fileID: 0}
        m_ScaledBackgrounds: []
        m_TextColor: {r: 0, g: 0, b: 0, a: 1}
      m_Active:
        m_Background: {fileID: 7748859771797447999, guid: 0000000000000000d000000000000000,
          type: 0}
        m_ScaledBackgrounds: []
        m_TextColor: {r: 0, g: 0, b: 0, a: 1}
      m_Focused:
        m_Background: {fileID: 0}
        m_ScaledBackgrounds: []
        m_TextColor: {r: 0, g: 0, b: 0, a: 1}
      m_OnNormal:
        m_Background: {fileID: 0}
        m_ScaledBackgrounds: []
        m_TextColor: {r: 0, g: 0, b: 0, a: 1}
      m_OnHover:
        m_Background: {fileID: 0}
        m_ScaledBackgrounds: []
        m_TextColor: {r: 0, g: 0, b: 0, a: 1}
      m_OnActive:
        m_Background: {fileID: 0}
        m_ScaledBackgrounds: []
        m_TextColor: {r: 0, g: 0, b: 0, a: 1}
      m_OnFocused:
        m_Background: {fileID: 0}
        m_ScaledBackgrounds: []
        m_TextColor: {r: 0, g: 0, b: 0, a: 1}
      m_Border:
        m_Left: 4
        m_Right: 4
        m_Top: 12
        m_Bottom: 12
      m_Margin:
        m_Left: 0
        m_Right: 0
        m_Top: 0
        m_Bottom: 0
      m_Padding:
        m_Left: 0
        m_Right: 0
        m_Top: 0
        m_Bottom: 0
      m_Overflow:
        m_Left: 0
        m_Right: 0
        m_Top: 0
        m_Bottom: 0
      m_Font: {fileID: 0}
      m_FontSize: 0
      m_FontStyle: 0
      m_Alignment: 0
      m_WordWrap: 0
      m_RichText: 1
      m_TextClipping: 0
      m_ImagePosition: 0
      m_ContentOffset: {x: 0, y: 0}
      m_FixedWidth: 0
      m_FixedHeight: 0
      m_StretchWidth: 1
      m_StretchHeight: 0
    _nodeID: 8831b6a9-049f-47f3-8652-ef4c13b1c6d5
  outPoint:
    rect:
      serializedVersion: 2
      x: 447
      y: 394
      width: 10
      height: 20
    type: 1
    style:
      m_Name: 
      m_Normal:
        m_Background: {fileID: 5361632866341858327, guid: 0000000000000000d000000000000000,
          type: 0}
        m_ScaledBackgrounds: []
        m_TextColor: {r: 0, g: 0, b: 0, a: 1}
      m_Hover:
        m_Background: {fileID: 0}
        m_ScaledBackgrounds: []
        m_TextColor: {r: 0, g: 0, b: 0, a: 1}
      m_Active:
        m_Background: {fileID: 4979192565147231929, guid: 0000000000000000d000000000000000,
          type: 0}
        m_ScaledBackgrounds: []
        m_TextColor: {r: 0, g: 0, b: 0, a: 1}
      m_Focused:
        m_Background: {fileID: 0}
        m_ScaledBackgrounds: []
        m_TextColor: {r: 0, g: 0, b: 0, a: 1}
      m_OnNormal:
        m_Background: {fileID: 0}
        m_ScaledBackgrounds: []
        m_TextColor: {r: 0, g: 0, b: 0, a: 1}
      m_OnHover:
        m_Background: {fileID: 0}
        m_ScaledBackgrounds: []
        m_TextColor: {r: 0, g: 0, b: 0, a: 1}
      m_OnActive:
        m_Background: {fileID: 0}
        m_ScaledBackgrounds: []
        m_TextColor: {r: 0, g: 0, b: 0, a: 1}
      m_OnFocused:
        m_Background: {fileID: 0}
        m_ScaledBackgrounds: []
        m_TextColor: {r: 0, g: 0, b: 0, a: 1}
      m_Border:
        m_Left: 4
        m_Right: 4
        m_Top: 12
        m_Bottom: 12
      m_Margin:
        m_Left: 0
        m_Right: 0
        m_Top: 0
        m_Bottom: 0
      m_Padding:
        m_Left: 0
        m_Right: 0
        m_Top: 0
        m_Bottom: 0
      m_Overflow:
        m_Left: 0
        m_Right: 0
        m_Top: 0
        m_Bottom: 0
      m_Font: {fileID: 0}
      m_FontSize: 0
      m_FontStyle: 0
      m_Alignment: 0
      m_WordWrap: 0
      m_RichText: 1
      m_TextClipping: 0
      m_ImagePosition: 0
      m_ContentOffset: {x: 0, y: 0}
      m_FixedWidth: 0
      m_FixedHeight: 0
      m_StretchWidth: 1
      m_StretchHeight: 0
    _nodeID: 8831b6a9-049f-47f3-8652-ef4c13b1c6d5
  currentStyle:
    m_Name: 
    m_Normal:
      m_Background: {fileID: -3453378117783705200, guid: 0000000000000000d000000000000000,
        type: 0}
      m_ScaledBackgrounds: []
      m_TextColor: {r: 0, g: 0, b: 0, a: 1}
    m_Hover:
      m_Background: {fileID: 0}
      m_ScaledBackgrounds: []
      m_TextColor: {r: 0, g: 0, b: 0, a: 1}
    m_Active:
      m_Background: {fileID: 0}
      m_ScaledBackgrounds: []
      m_TextColor: {r: 0, g: 0, b: 0, a: 1}
    m_Focused:
      m_Background: {fileID: 0}
      m_ScaledBackgrounds: []
      m_TextColor: {r: 0, g: 0, b: 0, a: 1}
    m_OnNormal:
      m_Background: {fileID: 0}
      m_ScaledBackgrounds: []
      m_TextColor: {r: 0, g: 0, b: 0, a: 1}
    m_OnHover:
      m_Background: {fileID: 0}
      m_ScaledBackgrounds: []
      m_TextColor: {r: 0, g: 0, b: 0, a: 1}
    m_OnActive:
      m_Background: {fileID: 0}
      m_ScaledBackgrounds: []
      m_TextColor: {r: 0, g: 0, b: 0, a: 1}
    m_OnFocused:
      m_Background: {fileID: 0}
      m_ScaledBackgrounds: []
      m_TextColor: {r: 0, g: 0, b: 0, a: 1}
    m_Border:
      m_Left: 12
      m_Right: 12
      m_Top: 12
      m_Bottom: 12
    m_Margin:
      m_Left: 0
      m_Right: 0
      m_Top: 0
      m_Bottom: 0
    m_Padding:
      m_Left: 0
      m_Right: 0
      m_Top: 0
      m_Bottom: 0
    m_Overflow:
      m_Left: 0
      m_Right: 0
      m_Top: 0
      m_Bottom: 0
    m_Font: {fileID: 0}
    m_FontSize: 0
    m_FontStyle: 0
    m_Alignment: 0
    m_WordWrap: 0
    m_RichText: 1
    m_TextClipping: 0
    m_ImagePosition: 0
    m_ContentOffset: {x: 0, y: 0}
    m_FixedWidth: 0
    m_FixedHeight: 0
    m_StretchWidth: 1
    m_StretchHeight: 0
  GUID: 8831b6a9-049f-47f3-8652-ef4c13b1c6d5
  ID: 00000001
  serializableNextNodes:
  - 2d571c84-528a-4862-87b1-6a07f703d3dd
  answerPanel: 1
  dialoguePanel: 1
  relationPanel: 0
--- !u!114 &114710221473609170
MonoBehaviour:
  m_ObjectHideFlags: 0
  m_CorrespondingSourceObject: {fileID: 0}
  m_PrefabInternal: {fileID: 0}
  m_GameObject: {fileID: 0}
  m_Enabled: 1
  m_EditorHideFlags: 0
  m_Script: {fileID: 11500000, guid: de682fab298fb0447907a2d6a8bce693, type: 3}
  m_Name: 
  m_EditorClassIdentifier: 
  rect:
    serializedVersion: 2
    x: 818
    y: 301
    width: 300
    height: 100
  inPoint:
    rect:
      serializedVersion: 2
      x: 816
      y: 341
      width: 10
      height: 20
    type: 0
    style:
      m_Name: 
      m_Normal:
        m_Background: {fileID: -137945306764144326, guid: 0000000000000000d000000000000000,
          type: 0}
        m_ScaledBackgrounds: []
        m_TextColor: {r: 0, g: 0, b: 0, a: 1}
      m_Hover:
        m_Background: {fileID: 0}
        m_ScaledBackgrounds: []
        m_TextColor: {r: 0, g: 0, b: 0, a: 1}
      m_Active:
        m_Background: {fileID: 7748859771797447999, guid: 0000000000000000d000000000000000,
          type: 0}
        m_ScaledBackgrounds: []
        m_TextColor: {r: 0, g: 0, b: 0, a: 1}
      m_Focused:
        m_Background: {fileID: 0}
        m_ScaledBackgrounds: []
        m_TextColor: {r: 0, g: 0, b: 0, a: 1}
      m_OnNormal:
        m_Background: {fileID: 0}
        m_ScaledBackgrounds: []
        m_TextColor: {r: 0, g: 0, b: 0, a: 1}
      m_OnHover:
        m_Background: {fileID: 0}
        m_ScaledBackgrounds: []
        m_TextColor: {r: 0, g: 0, b: 0, a: 1}
      m_OnActive:
        m_Background: {fileID: 0}
        m_ScaledBackgrounds: []
        m_TextColor: {r: 0, g: 0, b: 0, a: 1}
      m_OnFocused:
        m_Background: {fileID: 0}
        m_ScaledBackgrounds: []
        m_TextColor: {r: 0, g: 0, b: 0, a: 1}
      m_Border:
        m_Left: 4
        m_Right: 4
        m_Top: 12
        m_Bottom: 12
      m_Margin:
        m_Left: 0
        m_Right: 0
        m_Top: 0
        m_Bottom: 0
      m_Padding:
        m_Left: 0
        m_Right: 0
        m_Top: 0
        m_Bottom: 0
      m_Overflow:
        m_Left: 0
        m_Right: 0
        m_Top: 0
        m_Bottom: 0
      m_Font: {fileID: 0}
      m_FontSize: 0
      m_FontStyle: 0
      m_Alignment: 0
      m_WordWrap: 0
      m_RichText: 1
      m_TextClipping: 0
      m_ImagePosition: 0
      m_ContentOffset: {x: 0, y: 0}
      m_FixedWidth: 0
      m_FixedHeight: 0
      m_StretchWidth: 1
      m_StretchHeight: 0
    _nodeID: 6bc01639-f26f-45e8-9296-8094d9ad5cb6
  outPoint:
    rect:
      serializedVersion: 2
      x: 1110
      y: 341
      width: 10
      height: 20
    type: 1
    style:
      m_Name: 
      m_Normal:
        m_Background: {fileID: 5361632866341858327, guid: 0000000000000000d000000000000000,
          type: 0}
        m_ScaledBackgrounds: []
        m_TextColor: {r: 0, g: 0, b: 0, a: 1}
      m_Hover:
        m_Background: {fileID: 0}
        m_ScaledBackgrounds: []
        m_TextColor: {r: 0, g: 0, b: 0, a: 1}
      m_Active:
        m_Background: {fileID: 4979192565147231929, guid: 0000000000000000d000000000000000,
          type: 0}
        m_ScaledBackgrounds: []
        m_TextColor: {r: 0, g: 0, b: 0, a: 1}
      m_Focused:
        m_Background: {fileID: 0}
        m_ScaledBackgrounds: []
        m_TextColor: {r: 0, g: 0, b: 0, a: 1}
      m_OnNormal:
        m_Background: {fileID: 0}
        m_ScaledBackgrounds: []
        m_TextColor: {r: 0, g: 0, b: 0, a: 1}
      m_OnHover:
        m_Background: {fileID: 0}
        m_ScaledBackgrounds: []
        m_TextColor: {r: 0, g: 0, b: 0, a: 1}
      m_OnActive:
        m_Background: {fileID: 0}
        m_ScaledBackgrounds: []
        m_TextColor: {r: 0, g: 0, b: 0, a: 1}
      m_OnFocused:
        m_Background: {fileID: 0}
        m_ScaledBackgrounds: []
        m_TextColor: {r: 0, g: 0, b: 0, a: 1}
      m_Border:
        m_Left: 4
        m_Right: 4
        m_Top: 12
        m_Bottom: 12
      m_Margin:
        m_Left: 0
        m_Right: 0
        m_Top: 0
        m_Bottom: 0
      m_Padding:
        m_Left: 0
        m_Right: 0
        m_Top: 0
        m_Bottom: 0
      m_Overflow:
        m_Left: 0
        m_Right: 0
        m_Top: 0
        m_Bottom: 0
      m_Font: {fileID: 0}
      m_FontSize: 0
      m_FontStyle: 0
      m_Alignment: 0
      m_WordWrap: 0
      m_RichText: 1
      m_TextClipping: 0
      m_ImagePosition: 0
      m_ContentOffset: {x: 0, y: 0}
      m_FixedWidth: 0
      m_FixedHeight: 0
      m_StretchWidth: 1
      m_StretchHeight: 0
    _nodeID: 6bc01639-f26f-45e8-9296-8094d9ad5cb6
  currentStyle:
    m_Name: 
    m_Normal:
      m_Background: {fileID: -3453378117783705200, guid: 0000000000000000d000000000000000,
        type: 0}
      m_ScaledBackgrounds: []
      m_TextColor: {r: 0, g: 0, b: 0, a: 1}
    m_Hover:
      m_Background: {fileID: 0}
      m_ScaledBackgrounds: []
      m_TextColor: {r: 0, g: 0, b: 0, a: 1}
    m_Active:
      m_Background: {fileID: 0}
      m_ScaledBackgrounds: []
      m_TextColor: {r: 0, g: 0, b: 0, a: 1}
    m_Focused:
      m_Background: {fileID: 0}
      m_ScaledBackgrounds: []
      m_TextColor: {r: 0, g: 0, b: 0, a: 1}
    m_OnNormal:
      m_Background: {fileID: 0}
      m_ScaledBackgrounds: []
      m_TextColor: {r: 0, g: 0, b: 0, a: 1}
    m_OnHover:
      m_Background: {fileID: 0}
      m_ScaledBackgrounds: []
      m_TextColor: {r: 0, g: 0, b: 0, a: 1}
    m_OnActive:
      m_Background: {fileID: 0}
      m_ScaledBackgrounds: []
      m_TextColor: {r: 0, g: 0, b: 0, a: 1}
    m_OnFocused:
      m_Background: {fileID: 0}
      m_ScaledBackgrounds: []
      m_TextColor: {r: 0, g: 0, b: 0, a: 1}
    m_Border:
      m_Left: 12
      m_Right: 12
      m_Top: 12
      m_Bottom: 12
    m_Margin:
      m_Left: 0
      m_Right: 0
      m_Top: 0
      m_Bottom: 0
    m_Padding:
      m_Left: 0
      m_Right: 0
      m_Top: 0
      m_Bottom: 0
    m_Overflow:
      m_Left: 0
      m_Right: 0
      m_Top: 0
      m_Bottom: 0
    m_Font: {fileID: 0}
    m_FontSize: 0
    m_FontStyle: 0
    m_Alignment: 0
    m_WordWrap: 0
    m_RichText: 1
    m_TextClipping: 0
    m_ImagePosition: 0
    m_ContentOffset: {x: 0, y: 0}
    m_FixedWidth: 0
    m_FixedHeight: 0
    m_StretchWidth: 1
    m_StretchHeight: 0
  GUID: 6bc01639-f26f-45e8-9296-8094d9ad5cb6
  ID: 00000003
  serializableNextNodes:
  - 3c629395-5743-48c5-8682-c303be2c4a79
  nodeID: 3c629395-5743-48c5-8682-c303be2c4a79
--- !u!114 &114820007981599000
MonoBehaviour:
  m_ObjectHideFlags: 0
  m_CorrespondingSourceObject: {fileID: 0}
  m_PrefabInternal: {fileID: 0}
  m_GameObject: {fileID: 0}
  m_Enabled: 1
  m_EditorHideFlags: 0
  m_Script: {fileID: 11500000, guid: 26d276288199a2f40ad2f86894f2639e, type: 3}
  m_Name: 
  m_EditorClassIdentifier: 
  rect:
    serializedVersion: 2
    x: 2779
    y: 418
    width: 60
    height: 50
  inPoint:
    rect:
      serializedVersion: 2
      x: 2777
      y: 433
      width: 10
      height: 20
    type: 0
    style:
      m_Name: 
      m_Normal:
        m_Background: {fileID: -137945306764144326, guid: 0000000000000000d000000000000000,
          type: 0}
        m_ScaledBackgrounds: []
        m_TextColor: {r: 0, g: 0, b: 0, a: 1}
      m_Hover:
        m_Background: {fileID: 0}
        m_ScaledBackgrounds: []
        m_TextColor: {r: 0, g: 0, b: 0, a: 1}
      m_Active:
        m_Background: {fileID: 7748859771797447999, guid: 0000000000000000d000000000000000,
          type: 0}
        m_ScaledBackgrounds: []
        m_TextColor: {r: 0, g: 0, b: 0, a: 1}
      m_Focused:
        m_Background: {fileID: 0}
        m_ScaledBackgrounds: []
        m_TextColor: {r: 0, g: 0, b: 0, a: 1}
      m_OnNormal:
        m_Background: {fileID: 0}
        m_ScaledBackgrounds: []
        m_TextColor: {r: 0, g: 0, b: 0, a: 1}
      m_OnHover:
        m_Background: {fileID: 0}
        m_ScaledBackgrounds: []
        m_TextColor: {r: 0, g: 0, b: 0, a: 1}
      m_OnActive:
        m_Background: {fileID: 0}
        m_ScaledBackgrounds: []
        m_TextColor: {r: 0, g: 0, b: 0, a: 1}
      m_OnFocused:
        m_Background: {fileID: 0}
        m_ScaledBackgrounds: []
        m_TextColor: {r: 0, g: 0, b: 0, a: 1}
      m_Border:
        m_Left: 4
        m_Right: 4
        m_Top: 12
        m_Bottom: 12
      m_Margin:
        m_Left: 0
        m_Right: 0
        m_Top: 0
        m_Bottom: 0
      m_Padding:
        m_Left: 0
        m_Right: 0
        m_Top: 0
        m_Bottom: 0
      m_Overflow:
        m_Left: 0
        m_Right: 0
        m_Top: 0
        m_Bottom: 0
      m_Font: {fileID: 0}
      m_FontSize: 0
      m_FontStyle: 0
      m_Alignment: 0
      m_WordWrap: 0
      m_RichText: 1
      m_TextClipping: 0
      m_ImagePosition: 0
      m_ContentOffset: {x: 0, y: 0}
      m_FixedWidth: 0
      m_FixedHeight: 0
      m_StretchWidth: 1
      m_StretchHeight: 0
    _nodeID: 7931d268-40c9-4676-b4cc-dac423ec826f
  outPoint:
    rect:
      serializedVersion: 2
      x: 0
      y: 0
      width: 10
      height: 20
    type: 1
    style:
      m_Name: 
      m_Normal:
        m_Background: {fileID: 5361632866341858327, guid: 0000000000000000d000000000000000,
          type: 0}
        m_ScaledBackgrounds: []
        m_TextColor: {r: 0, g: 0, b: 0, a: 1}
      m_Hover:
        m_Background: {fileID: 0}
        m_ScaledBackgrounds: []
        m_TextColor: {r: 0, g: 0, b: 0, a: 1}
      m_Active:
        m_Background: {fileID: 4979192565147231929, guid: 0000000000000000d000000000000000,
          type: 0}
        m_ScaledBackgrounds: []
        m_TextColor: {r: 0, g: 0, b: 0, a: 1}
      m_Focused:
        m_Background: {fileID: 0}
        m_ScaledBackgrounds: []
        m_TextColor: {r: 0, g: 0, b: 0, a: 1}
      m_OnNormal:
        m_Background: {fileID: 0}
        m_ScaledBackgrounds: []
        m_TextColor: {r: 0, g: 0, b: 0, a: 1}
      m_OnHover:
        m_Background: {fileID: 0}
        m_ScaledBackgrounds: []
        m_TextColor: {r: 0, g: 0, b: 0, a: 1}
      m_OnActive:
        m_Background: {fileID: 0}
        m_ScaledBackgrounds: []
        m_TextColor: {r: 0, g: 0, b: 0, a: 1}
      m_OnFocused:
        m_Background: {fileID: 0}
        m_ScaledBackgrounds: []
        m_TextColor: {r: 0, g: 0, b: 0, a: 1}
      m_Border:
        m_Left: 4
        m_Right: 4
        m_Top: 12
        m_Bottom: 12
      m_Margin:
        m_Left: 0
        m_Right: 0
        m_Top: 0
        m_Bottom: 0
      m_Padding:
        m_Left: 0
        m_Right: 0
        m_Top: 0
        m_Bottom: 0
      m_Overflow:
        m_Left: 0
        m_Right: 0
        m_Top: 0
        m_Bottom: 0
      m_Font: {fileID: 0}
      m_FontSize: 0
      m_FontStyle: 0
      m_Alignment: 0
      m_WordWrap: 0
      m_RichText: 1
      m_TextClipping: 0
      m_ImagePosition: 0
      m_ContentOffset: {x: 0, y: 0}
      m_FixedWidth: 0
      m_FixedHeight: 0
      m_StretchWidth: 1
      m_StretchHeight: 0
    _nodeID: 7931d268-40c9-4676-b4cc-dac423ec826f
  currentStyle:
    m_Name: 
    m_Normal:
      m_Background: {fileID: -3453378117783705200, guid: 0000000000000000d000000000000000,
        type: 0}
      m_ScaledBackgrounds: []
      m_TextColor: {r: 0, g: 0, b: 0, a: 1}
    m_Hover:
      m_Background: {fileID: 0}
      m_ScaledBackgrounds: []
      m_TextColor: {r: 0, g: 0, b: 0, a: 1}
    m_Active:
      m_Background: {fileID: 0}
      m_ScaledBackgrounds: []
      m_TextColor: {r: 0, g: 0, b: 0, a: 1}
    m_Focused:
      m_Background: {fileID: 0}
      m_ScaledBackgrounds: []
      m_TextColor: {r: 0, g: 0, b: 0, a: 1}
    m_OnNormal:
      m_Background: {fileID: 0}
      m_ScaledBackgrounds: []
      m_TextColor: {r: 0, g: 0, b: 0, a: 1}
    m_OnHover:
      m_Background: {fileID: 0}
      m_ScaledBackgrounds: []
      m_TextColor: {r: 0, g: 0, b: 0, a: 1}
    m_OnActive:
      m_Background: {fileID: 0}
      m_ScaledBackgrounds: []
      m_TextColor: {r: 0, g: 0, b: 0, a: 1}
    m_OnFocused:
      m_Background: {fileID: 0}
      m_ScaledBackgrounds: []
      m_TextColor: {r: 0, g: 0, b: 0, a: 1}
    m_Border:
      m_Left: 12
      m_Right: 12
      m_Top: 12
      m_Bottom: 12
    m_Margin:
      m_Left: 0
      m_Right: 0
      m_Top: 0
      m_Bottom: 0
    m_Padding:
      m_Left: 0
      m_Right: 0
      m_Top: 0
      m_Bottom: 0
    m_Overflow:
      m_Left: 0
      m_Right: 0
      m_Top: 0
      m_Bottom: 0
    m_Font: {fileID: 0}
    m_FontSize: 0
    m_FontStyle: 0
    m_Alignment: 0
    m_WordWrap: 0
    m_RichText: 1
    m_TextClipping: 0
    m_ImagePosition: 0
    m_ContentOffset: {x: 0, y: 0}
    m_FixedWidth: 0
    m_FixedHeight: 0
    m_StretchWidth: 1
    m_StretchHeight: 0
  GUID: 7931d268-40c9-4676-b4cc-dac423ec826f
  ID: 0000000b
  serializableNextNodes: []
